1988 3159
881 195 1002 223 enus.
1644 199 1693 232 27

375 310 634 363 Complures
666 312 790 353 illam
824 316 865 353 et
898 314 1062 365 magni,
1096 312 1318 363 Messalla,
1347 318 1486 368 poetae

317 386 442 436 (Nam
473 401 626 428 verum
658 390 899 430 fateamur:
934 394 1053 431 amat
1085 389 1378 444 Polyhymnia
1408 396 1576 445 verum)
1650 414 1695 437 5⁵

314 464 467 517 Longe
500 465 560 505 ali
620 466 856 518 perhibent
886 468 1102 507 mutatam
1135 468 1334 509 membra
1364 468 1501 521 figura

316 540 549 594 Scyllaeum
582 546 782 584 monstro
818 555 969 583 saxum
1002 543 1212 586 infestare
1245 547 1416 595 voraci;

315 617 442 658 Illam
476 631 583 666 esse,
620 620 810 660 errantis
843 634 974 673 quam
1009 635 1121 674 saepe
1155 623 1352 675 legamus
1385 623 1518 678 Ulixi,

317 693 515 735 Candida
548 697 819 737 succinctam
852 698 1119 739 latrantibus
1152 699 1337 751 inguina
1368 701 1594 751 monstris,

312 769 542 813 Dulichias
574 786 754 814 vexasse
787 777 903 814 rates
938 779 978 815 et
1011 775 1182 827 gurgite
1216 776 1263 815 in
1297 777 1386 817 alto
1649 798 1688 821 eo

311 847 565 901 Deprensos
599 853 757 892 nautas
790 851 975 892 canibus
1009 853 1225 893 lacerasse
1259 854 1459 894 marinis.

314 923 398 965 Sed
428 938 573 978 neque
606 926 807 967 Maeoniae
835 929 926 968 haec
960 929 1193 981 patiuntur
1226 931 1399 972 credere
1432 932 1592 972 chartae

310 1000 399 1041 Nec
431 1002 574 1043 malus
606 1003 793 1045 istorum
828 1004 972 1045 dubiis
1007 1007 1228 1047 erroribus
1263 1011 1426 1049 auctor.

312 1075 510 1130 Namque
543 1079 653 1120 alias
688 1081 762 1121 alii
795 1081 926 1133 vulgo
961 1081 1124 1123 finxere
1157 1085 1344 1136 puellas,

313 1152 417 1203 Quae
451 1153 780 1208 Colophoniaco
815 1156 970 1211 Scyllae
1004 1158 1207 1200 dicantur
1237 1160 1447 1203 Homero.
1648 1182 1686 1205 65

311 1229 412 1283 Ipse
447 1230 637 1272 Crataein
670 1234 733 1273 ait
764 1238 978 1284 matrem;
1014 1236 1089 1276 sed
1125 1238 1214 1278 sive
1250 1237 1440 1282 Crataeis.

313 1305 411 1348 Sive
433 1307 558 1349 illam
580 1313 832 1351 monstrum
855 1313 1009 1363 genuit
1031 1326 1159 1364 grave
1182 1314 1382 1355 Echidna
1405 1315 1618 1365 biformis,

311 1381 409 1424 Sive
444 1387 510 1425 est
540 1390 699 1427 neutra
731 1401 891 1440 parens
925 1391 1055 1443 atque
1089 1390 1172 1431 hoc
1204 1391 1251 1431 in
1285 1392 1480 1432 carmine
1512 1394 1605 1433 toto

308 1459 512 1512 Inguinis
546 1466 611 1502 est
643 1464 799 1504 vitium
834 1470 874 1505 et
906 1465 1090 1507 Veneris
1125 1467 1347 1520 descripta
1379 1468 1527 1517 libido,

309 1536 407 1578 Sive
442 1539 574 1579 etiam
608 1540 734 1581 iactis
769 1542 958 1594 speciem
991 1545 1053 1583 est
1085 1546 1258 1584 mutata
1291 1545 1474 1585 venenis
1643 1565 1687 1588 το

306 1613 467 1655 Infelix
497 1617 618 1669 virgo
652 1617 772 1670 (quid
805 1619 924 1659 enim
959 1620 1242 1660 commiserat
1274 1621 1386 1661 illa?

306 1689 406 1743 Ipse
438 1695 564 1745 pater
597 1694 800 1735 timidam
833 1709 971 1736 vacua
1004 1698 1259 1749 complexus
1292 1698 1460 1738 harena

309 1766 575 1821 Coniugium
608 1774 738 1812 castae
771 1773 1013 1814 violaverat
1046 1775 1364 1826 Amphitrites;

305 1846 514 1887 Attamen
548 1849 689 1901 exegit
722 1850 855 1902 longo
887 1853 990 1903 post
1022 1854 1220 1903 tempore
1254 1864 1424 1903 peenas,

305 1922 374 1970 Ut,
411 1936 509 1963 cum
542 1938 647 1965 cura
680 1926 747 1966 sui
781 1927 1013 1968 veheretur
1045 1928 1247 1980 coniugis
1282 1928 1384 1976 alto,
1641 1949 1684 1972 τε»

304 1997 408 2050 Ipsa
439 2001 606 2041 trucem
638 2002 780 2043 multo
815 2003 1020 2044 misceret
1052 2005 1266 2057 sanguine
1300 2007 1514 2057 pontum),

306 2072 392 2114 Seu
417 2088 533 2125 vero,
562 2079 611 2116 ut
635 2079 881 2130 perhibent,
912 2080 1053 2120 forma
1080 2093 1179 2122 cum
1205 2082 1402 2123 vinceret
1429 2095 1594 2132 omnes,

271 2150 359 2197 „Et
388 2152 586 2205 cupidos.
608 2158 776 2206 quaestu
809 2157 975 2209 passim
1008 2159 1243 2212 popularet
1274 2163 1486 2208 amantea

301 2226 548 2271 Horribiles
581 2230 744 2272 circum
774 2232 885 2274 vidit
918 2248 963 2275 se
997 2235 1151 2277 sistere
1183 2238 1349 2277 formas
1638 2258 1681 2282 so

301 2303 498 2346 Piscibus
532 2310 575 2347 et
606 2308 874 2362 canibusque
906 2311 1037 2351 malis
1069 2312 1234 2354 vallata
1264 2317 1447 2367 repente
1479 2318 1546 2356 est
1639 2335 1677 2358 79

302 2380 416 2430 (Heu
448 2384 652 2435 quotiens
686 2386 846 2427 mirata
878 2400 1015 2429 novos
1050 2390 1260 2441 expalluit
1293 2394 1428 2439 artus,

301 2456 404 2510 Ipsa
436 2472 540 2500 suos
573 2463 778 2514 quotiens
812 2464 899 2504 heu
931 2466 1163 2517 pertimuit
1194 2467 1381 2508 latratus
1398 2468 1436 2517 1),

300 2534 419 2575 Ausa
451 2536 568 2589 quod
601 2542 667 2579 est
697 2539 861 2581 mulier
891 2554 1058 2582 numen
1090 2542 1293 2584 fraudare
1329 2543 1510 2585 deorum

298 2611 355 2652 Et
387 2612 551 2654 dictam
584 2613 745 2656 Veneri
776 2621 981 2658 votorum
1013 2623 1208 2660 avertere
1241 2633 1445 2671 poenam;

302 2687 457 2739 Quam,
479 2690 597 2731 mala
621 2693 856 2745 multiplici
881 2693 1089 2736 iuvenum
1113 2695 1231 2748 quod
1253 2699 1388 2750 saepta
1411 2699 1585 2738 caterva
1635 2716 1675 2739 85
