1988 3159
280 538 337 563 470

284 921 337 945 475

285 1305 341 1329 480

286 1691 339 1713 485

961 178 1085 208 CIBIS.

399 290 617 344 Spelaeum
649 294 876 348 multoque
909 298 1114 337 cruentas
1149 297 1324 350 hospite
1357 301 1518 339 cautes.

396 368 580 423 Iamque
613 369 720 411 adeo
752 374 899 412 tutum
930 372 1063 425 longe
1094 372 1258 413 Piraeea
1290 375 1429 415 cernit

398 445 454 486 Et
484 449 613 487 notas
647 447 759 488 eheu
791 448 954 489 frustra
979 453 1240 504 prospectat
1272 451 1481 493 Athenas

398 521 492 562 Iam
523 525 679 576 procul
711 539 732 565 e
765 524 902 566 fluctu
935 524 1178 567 Salaminia
1210 529 1388 580 respicit
1420 542 1520 569 arva

399 597 718 654 Florentesque
750 601 868 642 videt
902 602 990 643 iam
1023 602 1233 656 Cycladas
1245 620 1254 653 ;
1289 605 1393 646 hinc
1427 607 1549 647 sinus
1583 606 1647 647 1111

401 673 576 724 Sunius,
613 677 716 717 hinc
750 679 881 719 statio
915 684 1069 720 contra
1100 683 1221 733 patet-
1253 681 1532 723 Hermionea.

399 750 636 813 Linquitur
668 757 768 794 ante
803 755 913 795 alias
945 755 1075 808 longe
1109 757 1360 809 gratissima
1392 758 1526 799 Delos

400 827 636 871 Nereidum
668 832 800 871 matri
833 835 874 872 et
905 833 1110 885 Neptuno
1142 834 1313 886 Aegaeo.

401 904 615 958 Prospicit
648 908 888 948 incinctam
923 910 1147 961 spumanti
1180 910 1306 950 litore
1340 909 1546 964 Cythnon

400 982 779 1037 Marmoreamque
802 984 947 1026 Paron
969 985 1240 1039 viridemque
1265 987 1446 1040 adlapsa
1463 988 1690 1042 Donysam

400 1059 718 1113 Belbinamque
753 1062 888 1102 simul
920 1063 1250 1103 sementiferam
1283 1065 1416 1117 atque
1450 1062 1697 1117 Seriphum.

460 1135 618 1177 Fertur
652 1142 693 1178 et
727 1139 904 1180 incertis
937 1140 1125 1180 iactatur
1159 1140 1212 1180 ad
1246 1141 1396 1181 omnia
1429 1142 1584 1190 ventis,

403 1212 569 1254 Cumba
601 1215 732 1257 velut.
762 1229 945 1269 magnas
979 1217 1176 1270 sequitur
1209 1230 1308 1258 cum
1339 1218 1523 1271 parvula
1549 1218 1711 1259 classes

403 1289 506 1330 Afer
539 1297 579 1331 ct
612 1292 798 1333 hiberno
832 1292 1070 1337 bacchatur
1101 1295 1147 1334 in
1181 1307 1352 1346 aequore
1386 1295 1525 1343 turbo,

402 1366 551 1408 Donec
583 1369 670 1409 tale
704 1369 834 1410 decus
869 1371 1020 1411 formae
1054 1372 1248 1411 vexarier
1279 1371 1410 1412 undis

404 1443 500 1485 Non
534 1445 635 1486 tulit
670 1460 718 1487 ac
752 1448 938 1488 miseros
971 1448 1159 1488 mutavit
1192 1448 1375 1500 virginis
1409 1453 1529 1489 artus

404 1518 596 1562 Caeruleo
630 1524 803 1575 pollens
836 1524 1028 1564 coniunx
1060 1524 1282 1577 Neptunia
1314 1537 1462 1577 regno.

405 1596 487 1639 Sed
520 1601 670 1639 tamen
703 1600 926 1654 eymalam
963 1600 1157 1653 squamis
1190 1601 1348 1641 vestire
1382 1600 1575 1653 puellam

403 1673 654 1728 Iniidosque
688 1676 804 1716 inter
835 1679 1034 1716 teneram
1067 1676 1342 1717 committere
1375 1677 1517 1729 pisces

404 1751 502 1792 Non
526 1753 680 1793 statuit
702 1752 907 1802 (nimium
931 1756 997 1794 est
1020 1753 1197 1793 avidum
1220 1765 1353 1806 pecus
1377 1753 1708 1806 Amphitrites);

403 1830 544 1871 Acriis
577 1831 724 1883 potius
758 1831 990 1871 sublimem
1025 1831 1202 1872 sustulit
1236 1832 1330 1880 alis,

403 1908 530 1948 Esset
561 1911 610 1948 ut
643 1909 689 1948 in
723 1909 850 1949 terris
884 1908 987 1949 facti
1020 1907 1070 1949 de
1104 1909 1285 1949 nomine
1319 1909 1432 1951 ciris.

405 1981 516 2024 Ciris
549 1986 768 2037 Amyclaeo
804 1985 1039 2026 formosior
1072 1998 1225 2026 ansere
1260 1985 1400 2025 Ledae.

404 2063 468 2101 Aa·
500 2061 620 2102 velut
651 2062 698 2102 in
731 2061 859 2102 niveo
892 2065 1044 2102 tenera
1079 2065 1141 2102 est
1175 2075 1275 2102 cum
1306 2062 1512 2114 primitus
1545 2075 1627 2102 ovo

406 2137 581 2191 Effigies
615 2139 856 2179 animantis
890 2142 929 2179 et
962 2138 1214 2179 internodia
1248 2138 1458 2178 membris

404 2215 666 2268 Imperfecta
699 2229 813 2256 novo
847 2214 1028 2255 fluitant
1059 2217 1263 2255 concreta
1295 2214 1451 2257 calore.

406 2290 475 2332 Sic
508 2291 676 2345 liquido
713 2291 867 2345 Scyllae
901 2291 1217 2332 circumfusum
1250 2304 1422 2344 aequore
1455 2304 1612 2343 corpus

407 2368 620 2412 Semiferi.
656 2369 836 2410 incertis
870 2369 1005 2409 etiam
1037 2382 1154 2408 nunc
1188 2367 1399 2421 partibus.
1436 2370 1556 2407 artus

316 2468 342 2485 ι,
406 2446 610 2498 Undique
643 2446 875 2487 mutabant
909 2449 1039 2499 atque
1072 2443 1267 2498 undique
1299 2443 1598 2484 mutabantur.

408 2522 506 2564 Oris
540 2524 682 2564 honos
716 2523 909 2576 primum
943 2526 985 2562 et
1017 2522 1169 2562 multis
1205 2523 1353 2573 optata
1386 2519 1547 2560 labella

404 2600 460 2641 Et
492 2600 654 2653 patulae
690 2600 846 2641 frontis
882 2599 1048 2652 spec-ies
1082 2611 1359 2640 concrescere
1392 2598 1438 2637 in
1470 2610 1609 2637 unum

408 2676 586 2731 Coepe-re
620 2681 662 2718 et
695 2678 848 2730 gracili
880 2680 1081 2717 mentum
1113 2675 1354 2729 producere
1387 2675 1554 2721 rostro;
