1988 3159
290 213 335 247 38

286 428 341 452 405

289 885 345 909 410

290 1269 347 1292 415

293 1655 351 1678 420

296 2040 351 2064 425

297 2426 354 2449 430

966 211 1090 239 CIBIS.

410 330 705 383 «Supprimite
739 344 762 371 0
795 330 996 383 paullum
1028 329 1192 369 turbati
1225 327 1407 369 flamina
1438 327 1571 371 venti.

405 408 520 449 Dum
553 420 711 460 queror
745 409 788 446 et
820 407 942 447 divos
975 408 1256 459 (quamquam
1288 406 1354 445 nil
1384 405 1570 446 testibus
1594 404 1688 444 illis

405 484 589 525 Profeoi)
622 488 811 524 extrema
844 484 1037 524 moriens
1071 486 1219 523 tamen
1253 482 1465 535 adloquor
1496 483 1616 523 hora.

405 560 493 601 Vos
527 573 617 612 ego.
652 574 729 600 vos
764 559 884 608 adeo,
918 560 1049 606 venti,
1087 559 1292 603 testabor,
1329 561 1370 599 et
1403 572 1532 606 aurae,

407 713 507 762 Vos,
542 713 788 754 Pandionia
822 714 857 753 si
893 726 991 766 (Jeme
1023 712 1075 752 de
1109 715 1237 764 gente
1270 712 1457 752 venitis:

409 789 610 835 Cernitis,
647 789 725 829 illa
758 802 835 841 ego
870 802 967 828 sum
1000 792 1184 841 cognato
1219 789 1434 841 sanguine
1466 788 1591 828 vobis

411 866 553 919 Scylla
587 866 718 920 (quod
752 880 775 907 o
811 867 931 906 salva
962 866 1093 906 liceat·
1124 870 1166 906 te
1199 866 1354 913 dicere,
1390 865 1586 913 Procne).

408 943 491 984 Illa
523 956 600 995 ego
636 956 734 983 sum
766 943 860 983 Nisi
892 943 1103 995 pollentis
1135 942 1225 983 filia
1259 941 1492 992 quondam,

410 1018 621 1060 Certatim
655 1034 704 1060 ex
737 1020 857 1060 omni
889 1020 1017 1072 petiit
1051 1033 1180 1073 quam
1215 1019 1386 1060 Graecia
1417 1032 1567 1071 regno,

412 1098 506 1147 Qua
538 1111 695 1138 curvus
728 1102 865 1138 terras
899 1098 1178 1151 amplectitur
1209 1097 1550 1149 Hellespontus;

410 1173 493 1214 Illa
526 1187 604 1226 ego
640 1187 750 1223 sum,
783 1173 944 1219 Minos,
981 1175 1150 1214 sacrato
1186 1173 1343 1213 foedere
1378 1172 1571 1213 coniunx

410 1249 536 1291 Dicta
569 1251 674 1291 tibi:
708 1253 857 1290 tamen
890 1250 994 1297 haee,
1031 1250 1111 1290 etsi
1145 1263 1236 1289 non
1270 1249 1468 1303 respicis,
1501 1248 1617 1288 audi.

412 1327 625 1368 Vinctane
659 1332 749 1368 tam
782 1328 935 1380 magni
958 1328 1142 1368 tranabo
1176 1327 1359 1380 gurgitis
1392 1326 1563 1366 undas?

412 1404 567 1446 Vincta
602 1408 667 1445 tot
701 1404 906 1445 adsiduas
938 1404 1136 1458 pendebo
1171 1419 1220 1445 ex
1253 1404 1405 1445 ordine
1439 1404 1591 1444 luces?

411 1483 510 1523 Non
537 1482 739 1535 equidem
771 1495 841 1522 me
875 1483 960 1523 alio
994 1495 1175 1535 possum
1208 1481 1472 1522 contendere
1507 1480 1689 1532 dignam

414 1558 652 1612 Supplieio,
688 1559 803 1612 quod
837 1560 897 1599 510
929 1560 1120 1612 patriam
1154 1572 1363 1611 carosque
1396 1561 1578 1610 pena-tes

412 1636 627 1676 Hostibus
660 1636 907 1688 immitique
942 1635 1085 1676 addixi
1119 1636 1293 1687 ingrata
1326 1637 1526 1687 tyranno.

413 1712 574 1753 Verum
610 1713 740 1761 istaec,
775 1712 935 1762 Minos,
971 1713 1071 1753 illos
1105 1713 1317 1753 scelerata
1350 1711 1511 1764 putavi,

416 1788 460 1830 Si
493 1794 645 1830 nostra
677 1792 777 1830 ante
811 1790 970 1843 aliquis
1003 1790 1214 1830 nudasset
1248 1789 1409 1829 foedera
1442 1801 1582 1836 casus,

413 1867 635 1912 Facturos.
672 1880 870 1920 quorum,
907 1866 1087 1920 direptis
1118 1866 1337 1907 mfflnibus
1371 1865 1502 1913 urbis,

416 1945 450 1986 O
484 1958 562 1997 ego
597 1944 796 1994 erudelis,
833 1944 1013 1985 flamma
1044 1944 1224 1985 delubra
1257 1944 1420 1996 pet-ivi3

416 2022 472 2062 Te
505 2035 606 2062 vero
639 2022 802 2062 victore
835 2023 957 2075 prius
990 2023 1058 2062 vel
1092 2021 1232 2062 sidera
1268 2034 1421 2062 cursus

415 2097 641 2139 Mutatura
674 2112 788 2143 suos,
826 2112 957 2151 quam
989 2101 1032 2139 te
1064 2099 1175 2138 mihi
1209 2098 1316 2138 talia
1349 2101 1484 2150 oaptae

414 2175 654 2216 Facturum
686 2176 846 2216 metui:
879 2175 968 2215 iam
1000 2175 1089 2215 iam
1123 2175 1263 2216 5001115
1298 2175 1447 2215 omnia
1478 2173 1635 2215 vincit-

417 2251 531 2292 Tene
566 2264 643 2303 ego
677 2252 778 2303 plus
810 2252 953 2304 patrio
987 2251 1116 2291 dilexi
1150 2250 1321 2303 perdita
1354 2253 1524 2303 regno?

417 2330 533 2370 Tene
568 2333 681 2383 ego?
711 2330 798 2371 Neo
830 2330 1004 2379 mirum,
1038 2330 1163 2370 vultu
1196 2328 1376 2382 decepta
1409 2329 1557 2381 puella

418 2406 475 2447 Ut
506 2407 608 2456 vidi,
644 2411 693 2448 ut
724 2408 861 2460 perii!
895 2410 945 2447 ut
976 2420 1046 2447 me
1079 2407 1222 2447 malus
1256 2405 1439 2446 abstulit
1471 2404 1621 2445 011011

418 2484 515 2525 Non
551 2484 753 2537 equidem
786 2497 836 2524 ex
867 2484 952 2525 isto
987 2484 1158 2536 speravi
1191 2495 1370 2535 corpore
1403 2494 1532 2535 posse

419 2559 521 2600 Tale
554 2560 722 2601 malum
754 2561 901 2601 nasei:
935 2561 1079 2601 forma
1109 2560 1179 2601 vel
1213 2558 1355 2600 sidera
1387 2558 1528 2599 fallas.

418 2635 489 2677 Me
522 2651 614 2678 non
647 2637 814 2678 deliciis
847 2638 1086 2679 commovit
1116 2637 1236 2690 regia
1268 2636 1401 2684 djves,

418 2713 550 2755 Dives
584 2715 751 2756 curalio
785 2715 929 2767 fragili
962 2717 1005 2755 et
1035 2714 1269 2755 lacrimoso
1303 2712 1476 2760 electro,
