<?xml version="1.0" encoding="UTF-8"?>
<!DOCTYPE html PUBLIC "-//W3C//DTD XHTML 1.0 Transitional//EN"
    "http://www.w3.org/TR/xhtml1/DTD/xhtml1-transitional.dtd">
<html xmlns="http://www.w3.org/1999/xhtml" xml:lang="en" lang="en">
 <head>
  <title>
</title>
<meta http-equiv="Content-Type" content="text/html;charset=utf-8" />
  <meta name='ocr-system' content='tesseract 3.04.00' />
  <meta name='ocr-capabilities' content='ocr_page ocr_carea ocr_par ocr_line ocrx_word'/>
</head>
<body>
  <div class='ocr_page' id='page_1' title='image "./cirisepyllionpse00nmuoft_0032.png"; bbox 0 0 1988 3159; ppageno 0'>
   <div class='ocr_carea' id='block_1_1' title="bbox 294 201 345 235">
    <p class='ocr_par' dir='ltr' id='par_1_1' title="bbox 294 201 345 235">
     <span class='ocr_line' id='line_1_1' title="bbox 294 201 320 235; textangle 90"><span class='ocrx_word' id='word_1_1' title='bbox 294 201 320 235; x_wconf 67' lang='lat'>10</span> 
     </span>
     <span class='ocr_line' id='line_1_2' title="bbox 325 202 345 231; textangle 90"><span class='ocrx_word' id='word_1_2' title='bbox 325 202 345 231; x_wconf 62' lang='lat' dir='ltr'>*JJ</span> 
     </span>
    </p>
   </div>
   <div class='ocr_carea' id='block_1_2' title="bbox 298 646 340 667">
    <p class='ocr_par' dir='ltr' id='par_1_2' title="bbox 298 646 340 667">
     <span class='ocr_line' id='line_1_3' title="bbox 298 646 340 667; baseline -0.048 0"><span class='ocrx_word' id='word_1_3' title='bbox 298 647 319 667; x_wconf 26' lang='lat' dir='ltr'>VS)</span> <span class='ocrx_word' id='word_1_4' title='bbox 324 646 340 667; x_wconf 85' lang='grc' dir='ltr'>Ο</span> 
     </span>
    </p>
   </div>
   <div class='ocr_carea' id='block_1_3' title="bbox 314 1411 370 1433">
    <p class='ocr_par' dir='ltr' id='par_1_3' title="bbox 314 1411 370 1433">
     <span class='ocr_line' id='line_1_4' title="bbox 314 1411 370 1433; baseline 0.018 -1"><span class='ocrx_word' id='word_1_5' title='bbox 314 1412 323 1431; x_wconf 70' lang='lat'>7,</span> <span class='ocrx_word' id='word_1_6' title='bbox 334 1411 370 1433; x_wconf 77' lang='lat'>00</span> 
     </span>
    </p>
   </div>
   <div class='ocr_carea' id='block_1_4' title="bbox 316 1797 373 1818">
    <p class='ocr_par' dir='ltr' id='par_1_4' title="bbox 316 1797 373 1818">
     <span class='ocr_line' id='line_1_5' title="bbox 316 1797 373 1818; baseline 0 0"><span class='ocrx_word' id='word_1_7' title='bbox 316 1798 330 1818; x_wconf 73' lang='lat'>1</span> <span class='ocrx_word' id='word_1_8' title='bbox 336 1797 353 1818; x_wconf 76' lang='grc' dir='ltr'>Ο</span> <span class='ocrx_word' id='word_1_9' title='bbox 358 1797 373 1818; x_wconf 86' lang='grc'>5</span> 
     </span>
    </p>
   </div>
   <div class='ocr_carea' id='block_1_5' title="bbox 315 2180 377 2202">
    <p class='ocr_par' dir='ltr' id='par_1_5' title="bbox 315 2180 377 2202">
     <span class='ocr_line' id='line_1_6' title="bbox 315 2180 377 2202; baseline 0.016 -1"><span class='ocrx_word' id='word_1_10' title='bbox 315 2180 377 2202; x_wconf 71' lang='lat'>110</span> 
     </span>
    </p>
   </div>
   <div class='ocr_carea' id='block_1_6' title="bbox 318 2564 381 2588">
    <p class='ocr_par' dir='ltr' id='par_1_6' title="bbox 318 2564 381 2588">
     <span class='ocr_line' id='line_1_7' title="bbox 318 2564 381 2588; baseline 0 0"><span class='ocrx_word' id='word_1_11' title='bbox 318 2564 381 2588; x_wconf 66' lang='lat'>115</span> 
     </span>
    </p>
   </div>
   <div class='ocr_carea' id='block_1_7' title="bbox 987 198 1109 226">
    <p class='ocr_par' dir='ltr' id='par_1_7' title="bbox 987 198 1109 226">
     <span class='ocr_line' id='line_1_8' title="bbox 987 198 1109 226; baseline 0 -1"><span class='ocrx_word' id='word_1_12' title='bbox 987 198 1109 226; x_wconf 78' lang='lat' dir='ltr'>CIBIS.</span> 
     </span>
    </p>
   </div>
   <div class='ocr_carea' id='block_1_8' title="bbox 421 315 1758 2748">
    <p class='ocr_par' dir='ltr' id='par_1_8' title="bbox 421 315 1604 371">
     <span class='ocr_line' id='line_1_9' title="bbox 421 315 1604 371; baseline -0.006 -11"><span class='ocrx_word' id='word_1_13' title='bbox 421 319 539 361; x_wconf 74' lang='lat' dir='ltr'>Vixit</span> <span class='ocrx_word' id='word_1_14' title='bbox 572 320 749 371; x_wconf 86' lang='lat' dir='ltr'>eratque</span> <span class='ocrx_word' id='word_1_15' title='bbox 783 317 931 358; x_wconf 89' lang='lat' dir='ltr'>animo</span> <span class='ocrx_word' id='word_1_16' title='bbox 965 316 1173 356; x_wconf 77' lang='lat' dir='ltr'>meretrix</span> <span class='ocrx_word' id='word_1_17' title='bbox 1205 315 1366 355; x_wconf 87' lang='lat' dir='ltr'>iactata</span> <span class='ocrx_word' id='word_1_18' title='bbox 1399 315 1604 361; x_wconf 88' lang='lat' dir='ltr'>ferarum,</span> 
     </span>
    </p>

    <p class='ocr_par' dir='ltr' id='par_1_9' title="bbox 423 392 1323 436">
     <span class='ocr_line' id='line_1_10' title="bbox 423 392 1323 436; baseline -0.006 0"><span class='ocrx_word' id='word_1_19' title='bbox 423 396 642 436; x_wconf 80' lang='lat' dir='ltr'>Infamem</span> <span class='ocrx_word' id='word_1_20' title='bbox 674 395 753 435; x_wconf 87' lang='lat' dir='ltr'>tali</span> <span class='ocrx_word' id='word_1_21' title='bbox 785 395 944 435; x_wconf 87' lang='lat' dir='ltr'>merito</span> <span class='ocrx_word' id='word_1_22' title='bbox 978 406 1153 434; x_wconf 87' lang='lat' dir='ltr'>rumore</span> <span class='ocrx_word' id='word_1_23' title='bbox 1187 392 1323 432; x_wconf 87' lang='lat' dir='ltr'>fuisse</span> 
     </span>
    </p>

    <p class='ocr_par' dir='ltr' id='par_1_10' title="bbox 423 470 1495 523">
     <span class='ocr_line' id='line_1_11' title="bbox 423 470 1495 523; baseline -0.004 -11"><span class='ocrx_word' id='word_1_24' title='bbox 423 472 563 512; x_wconf 87' lang='lat' dir='ltr'>Docta</span> <span class='ocrx_word' id='word_1_25' title='bbox 594 470 886 523; x_wconf 76' lang='lat' dir='ltr'>Palaepaphiae</span> <span class='ocrx_word' id='word_1_26' title='bbox 920 472 1109 510; x_wconf 83' lang='lat' dir='ltr'>testatur</span> <span class='ocrx_word' id='word_1_27' title='bbox 1140 482 1244 509; x_wconf 74' lang='lat' dir='ltr'>voce</span> <span class='ocrx_word' id='word_1_28' title='bbox 1278 481 1495 521; x_wconf 64' lang='lat' dir='ltr'>papyrus:</span> 
     </span>
    </p>

    <p class='ocr_par' dir='ltr' id='par_1_11' title="bbox 424 544 1686 601">
     <span class='ocr_line' id='line_1_12' title="bbox 424 544 1686 601; baseline -0.004 -13"><span class='ocrx_word' id='word_1_29' title='bbox 424 547 645 601; x_wconf 83' lang='lat' dir='ltr'>Quidquid</span> <span class='ocrx_word' id='word_1_30' title='bbox 678 550 720 588; x_wconf 90' lang='lat' dir='ltr'>et</span> <span class='ocrx_word' id='word_1_31' title='bbox 752 550 799 587; x_wconf 87' lang='lat' dir='ltr'>ut</span> <span class='ocrx_word' id='word_1_32' title='bbox 833 547 1016 600; x_wconf 88' lang='lat' dir='ltr'>quisque</span> <span class='ocrx_word' id='word_1_33' title='bbox 1051 550 1116 586; x_wconf 86' lang='lat' dir='ltr'>est</span> <span class='ocrx_word' id='word_1_34' title='bbox 1148 546 1223 586; x_wconf 90' lang='lat' dir='ltr'>tali</span> <span class='ocrx_word' id='word_1_35' title='bbox 1260 545 1312 586; x_wconf 87' lang='lat' dir='ltr'>de</span> <span class='ocrx_word' id='word_1_36' title='bbox 1345 544 1466 585; x_wconf 87' lang='lat' dir='ltr'>clade</span> <span class='ocrx_word' id='word_1_37' title='bbox 1499 545 1686 591; x_wconf 86' lang='lat' dir='ltr'>locutus,</span> 
     </span>
    </p>

    <p class='ocr_par' dir='ltr' id='par_1_12' title="bbox 425 621 1517 677">
     <span class='ocr_line' id='line_1_13' title="bbox 425 621 1517 677; baseline -0.005 -11"><span class='ocrx_word' id='word_1_38' title='bbox 425 623 607 666; x_wconf 86' lang='lat' dir='ltr'>Somnia</span> <span class='ocrx_word' id='word_1_39' title='bbox 640 627 767 666; x_wconf 88' lang='lat' dir='ltr'>sunt:</span> <span class='ocrx_word' id='word_1_40' title='bbox 800 624 949 677; x_wconf 85' lang='lat' dir='ltr'>potius</span> <span class='ocrx_word' id='word_1_41' title='bbox 982 624 1112 663; x_wconf 84' lang='lat' dir='ltr'>liceat</span> <span class='ocrx_word' id='word_1_42' title='bbox 1145 625 1370 663; x_wconf 70' lang='lat' dir='ltr'>notescere</span> <span class='ocrx_word' id='word_1_43' title='bbox 1405 621 1517 662; x_wconf 89' lang='lat' dir='ltr'>cirin</span> 
     </span>
    </p>

    <p class='ocr_par' dir='ltr' id='par_1_13' title="bbox 423 697 1689 829">
     <span class='ocr_line' id='line_1_14' title="bbox 423 697 1689 754; baseline -0.004 -12"><span class='ocrx_word' id='word_1_44' title='bbox 423 701 563 754; x_wconf 87' lang='lat' dir='ltr'>Atque</span> <span class='ocrx_word' id='word_1_45' title='bbox 596 714 732 741; x_wconf 84' lang='lat' dir='ltr'>unam</span> <span class='ocrx_word' id='word_1_46' title='bbox 766 714 816 741; x_wconf 76' lang='lat' dir='ltr'>ex</span> <span class='ocrx_word' id='word_1_47' title='bbox 848 700 1001 741; x_wconf 89' lang='lat' dir='ltr'>multis</span> <span class='ocrx_word' id='word_1_48' title='bbox 1036 700 1226 752; x_wconf 75' lang='lat' dir='ltr'>Scyllam</span> <span class='ocrx_word' id='word_1_49' title='bbox 1260 712 1351 739; x_wconf 89' lang='lat' dir='ltr'>non</span> <span class='ocrx_word' id='word_1_50' title='bbox 1385 711 1479 739; x_wconf 88' lang='lat' dir='ltr'>esse</span> <span class='ocrx_word' id='word_1_51' title='bbox 1513 697 1689 750; x_wconf 81' lang='lat' dir='ltr'>puellis.</span> 
     </span>
     <span class='ocr_line' id='line_1_15' title="bbox 486 775 1637 829; baseline -0.004 -12"><span class='ocrx_word' id='word_1_52' title='bbox 486 776 639 827; x_wconf 76' lang='lat' dir='ltr'>Quare,</span> <span class='ocrx_word' id='word_1_53' title='bbox 678 790 771 829; x_wconf 64' lang='lat' dir='ltr'>quas</span> <span class='ocrx_word' id='word_1_54' title='bbox 805 780 962 818; x_wconf 86' lang='lat' dir='ltr'>cantus</span> <span class='ocrx_word' id='word_1_55' title='bbox 997 775 1206 817; x_wconf 65' lang='lat' dir='ltr'>meditate</span> <span class='ocrx_word' id='word_1_56' title='bbox 1241 775 1438 816; x_wconf 60' lang='lat' dir='ltr'>‹nteitlere</span> <span class='ocrx_word' id='word_1_57' title='bbox 1473 776 1637 815; x_wconf 41' lang='lat' dir='ltr'>ves-fros</span> 
     </span>
    </p>

    <p class='ocr_par' dir='ltr' id='par_1_14' title="bbox 428 851 1545 906">
     <span class='ocr_line' id='line_1_16' title="bbox 428 851 1545 906; baseline -0.004 -12"><span class='ocrx_word' id='word_1_58' title='bbox 428 853 589 905; x_wconf 85' lang='lat' dir='ltr'>Magna</span> <span class='ocrx_word' id='word_1_59' title='bbox 621 854 732 895; x_wconf 90' lang='lat' dir='ltr'>mihi</span> <span class='ocrx_word' id='word_1_60' title='bbox 765 853 923 906; x_wconf 84' lang='lat' dir='ltr'>cupido</span> <span class='ocrx_word' id='word_1_61' title='bbox 958 853 1175 893; x_wconf 76' lang='lat' dir='ltr'>tribuistis</span> <span class='ocrx_word' id='word_1_62' title='bbox 1208 853 1401 905; x_wconf 64' lang='lat' dir='ltr'>praemia.</span> <span class='ocrx_word' id='word_1_63' title='bbox 1437 851 1545 892; x_wconf 79' lang='lat' dir='ltr'>divae</span> 
     </span>
    </p>

    <p class='ocr_par' dir='ltr' id='par_1_15' title="bbox 428 929 1481 983">
     <span class='ocr_line' id='line_1_17' title="bbox 428 929 1481 983; baseline -0.003 -12"><span class='ocrx_word' id='word_1_64' title='bbox 428 930 632 978; x_wconf 84' lang='lat' dir='ltr'>Pierides,</span> <span class='ocrx_word' id='word_1_65' title='bbox 671 944 855 983; x_wconf 88' lang='lat' dir='ltr'>quarum</span> <span class='ocrx_word' id='word_1_66' title='bbox 889 934 1032 970; x_wconf 85' lang='lat' dir='ltr'>castos</span> <span class='ocrx_word' id='word_1_67' title='bbox 1067 929 1301 970; x_wconf 80' lang='lat' dir='ltr'>alabastria</span> <span class='ocrx_word' id='word_1_68' title='bbox 1333 931 1481 981; x_wconf 88' lang='lat' dir='ltr'>postes</span> 
     </span>
    </p>

    <p class='ocr_par' dir='ltr' id='par_1_16' title="bbox 428 1003 1677 1059">
     <span class='ocr_line' id='line_1_18' title="bbox 428 1003 1677 1059; baseline -0.003 -12"><span class='ocrx_word' id='word_1_69' title='bbox 428 1006 612 1047; x_wconf 89' lang='lat' dir='ltr'>Munere</span> <span class='ocrx_word' id='word_1_70' title='bbox 646 1020 759 1059; x_wconf 78' lang='lat' dir='ltr'>saepe</span> <span class='ocrx_word' id='word_1_71' title='bbox 793 1020 890 1047; x_wconf 89' lang='lat' dir='ltr'>meo</span> <span class='ocrx_word' id='word_1_72' title='bbox 924 1005 1127 1046; x_wconf 85' lang='lat' dir='ltr'>inficiunt</span> <span class='ocrx_word' id='word_1_73' title='bbox 1160 1006 1413 1058; x_wconf 83' lang='lat' dir='ltr'>foribusque</span> <span class='ocrx_word' id='word_1_74' title='bbox 1446 1003 1677 1058; x_wconf 74' lang='lat' dir='ltr'>hyacinthi</span> 
     </span>
    </p>

    <p class='ocr_par' dir='ltr' id='par_1_17' title="bbox 429 1082 1576 1137">
     <span class='ocr_line' id='line_1_19' title="bbox 429 1082 1576 1137; baseline -0.003 -13"><span class='ocrx_word' id='word_1_75' title='bbox 429 1083 690 1137; x_wconf 78' lang='lat' dir='ltr'>Dependent</span> <span class='ocrx_word' id='word_1_76' title='bbox 722 1083 852 1124; x_wconf 86' lang='lat' dir='ltr'>flores</span> <span class='ocrx_word' id='word_1_77' title='bbox 885 1087 959 1123; x_wconf 85' lang='lat' dir='ltr'>aut</span> <span class='ocrx_word' id='word_1_78' title='bbox 994 1096 1124 1124; x_wconf 75' lang='lat' dir='ltr'>suave</span> <span class='ocrx_word' id='word_1_79' title='bbox 1158 1082 1320 1123; x_wconf 87' lang='lat' dir='ltr'>rubens</span> <span class='ocrx_word' id='word_1_80' title='bbox 1353 1082 1576 1122; x_wconf 73' lang='lat' dir='ltr'>narcissus</span> 
     </span>
    </p>

    <p class='ocr_par' dir='ltr' id='par_1_18' title="bbox 430 1159 1519 1212">
     <span class='ocr_line' id='line_1_20' title="bbox 430 1159 1519 1212; baseline -0.002 -12"><span class='ocrx_word' id='word_1_81' title='bbox 430 1162 516 1201; x_wconf 75' lang='lat' dir='ltr'>Aut</span> <span class='ocrx_word' id='word_1_82' title='bbox 550 1174 700 1201; x_wconf 80' lang='lat' dir='ltr'>crocus</span> <span class='ocrx_word' id='word_1_83' title='bbox 734 1161 906 1201; x_wconf 84' lang='lat' dir='ltr'>alterna</span> <span class='ocrx_word' id='word_1_84' title='bbox 938 1161 1212 1212; x_wconf 86' lang='lat' dir='ltr'>coniungens</span> <span class='ocrx_word' id='word_1_85' title='bbox 1247 1160 1338 1199; x_wconf 89' lang='lat' dir='ltr'>lilia</span> <span class='ocrx_word' id='word_1_86' title='bbox 1373 1159 1519 1198; x_wconf 82' lang='lat' dir='ltr'>caltha</span> 
     </span>
    </p>

    <p class='ocr_par' dir='ltr' id='par_1_19' title="bbox 433 1233 1684 1296">
     <span class='ocr_line' id='line_1_21' title="bbox 433 1233 1684 1296; baseline -0.003 -19"><span class='ocrx_word' id='word_1_87' title='bbox 433 1236 679 1289; x_wconf 79' lang='lat' dir='ltr'>Sparsaque</span> <span class='ocrx_word' id='word_1_88' title='bbox 713 1236 942 1277; x_wconf 86' lang='lat' dir='ltr'>liminibus</span> <span class='ocrx_word' id='word_1_89' title='bbox 976 1236 1103 1296; x_wconf 85' lang='lat' dir='ltr'>floret</span> <span class='ocrx_word' id='word_1_90' title='bbox 1136 1250 1248 1279; x_wconf 75' lang='lat' dir='ltr'>rosa.</span> <span class='ocrx_word' id='word_1_91' title='bbox 1284 1249 1401 1276; x_wconf 86' lang='lat' dir='ltr'>nunc</span> <span class='ocrx_word' id='word_1_92' title='bbox 1434 1248 1524 1287; x_wconf 80' lang='lat' dir='ltr'>age,</span> <span class='ocrx_word' id='word_1_93' title='bbox 1561 1233 1684 1282; x_wconf 83' lang='lat' dir='ltr'>divae,</span> 
     </span>
    </p>

    <p class='ocr_par' dir='ltr' id='par_1_20' title="bbox 434 1312 1421 1366">
     <span class='ocr_line' id='line_1_22' title="bbox 434 1312 1421 1366; baseline -0.002 -12"><span class='ocrx_word' id='word_1_94' title='bbox 434 1313 654 1366; x_wconf 62' lang='lat' dir='ltr'>Praecipue</span> <span class='ocrx_word' id='word_1_95' title='bbox 688 1318 839 1354; x_wconf 89' lang='lat' dir='ltr'>nostro</span> <span class='ocrx_word' id='word_1_96' title='bbox 874 1328 992 1354; x_wconf 89' lang='lat' dir='ltr'>nunc</span> <span class='ocrx_word' id='word_1_97' title='bbox 1026 1314 1247 1366; x_wconf 82' lang='lat' dir='ltr'>adspirate</span> <span class='ocrx_word' id='word_1_98' title='bbox 1280 1312 1421 1353; x_wconf 85' lang='lat' dir='ltr'>labori</span> 
     </span>
    </p>

    <p class='ocr_par' dir='ltr' id='par_1_21' title="bbox 434 1390 1682 1508">
     <span class='ocr_line' id='line_1_23' title="bbox 434 1390 1682 1443; baseline -0.004 -11"><span class='ocrx_word' id='word_1_99' title='bbox 434 1392 573 1443; x_wconf 88' lang='lat' dir='ltr'>Atque</span> <span class='ocrx_word' id='word_1_100' title='bbox 607 1404 772 1432; x_wconf 76' lang='lat' dir='ltr'>novum</span> <span class='ocrx_word' id='word_1_101' title='bbox 805 1394 968 1432; x_wconf 72' lang='lat' dir='ltr'>{eterno</span> <span class='ocrx_word' id='word_1_102' title='bbox 1002 1391 1224 1443; x_wconf 74' lang='lat' dir='ltr'>praetexite</span> <span class='ocrx_word' id='word_1_103' title='bbox 1259 1391 1425 1431; x_wconf 86' lang='lat' dir='ltr'>honore</span> <span class='ocrx_word' id='word_1_104' title='bbox 1457 1390 1682 1431; x_wconf 85' lang='lat' dir='ltr'>volumen.</span> 
     </span>
     <span class='ocr_line' id='line_1_24' title="bbox 494 1467 1451 1508; baseline -0.003 0"><span class='ocrx_word' id='word_1_105' title='bbox 494 1467 606 1508; x_wconf 85' lang='lat' dir='ltr'>Sunt</span> <span class='ocrx_word' id='word_1_106' title='bbox 639 1467 896 1508; x_wconf 76' lang='lat' dir='ltr'>Pandioniis</span> <span class='ocrx_word' id='word_1_107' title='bbox 928 1468 1082 1508; x_wconf 82' lang='lat' dir='ltr'>vicinae</span> <span class='ocrx_word' id='word_1_108' title='bbox 1116 1467 1291 1507; x_wconf 85' lang='lat' dir='ltr'>sedibus</span> <span class='ocrx_word' id='word_1_109' title='bbox 1324 1467 1451 1506; x_wconf 82' lang='lat' dir='ltr'>urbes</span> 
     </span>
    </p>

    <p class='ocr_par' dir='ltr' id='par_1_22' title="bbox 434 1543 1400 1587">
     <span class='ocr_line' id='line_1_25' title="bbox 434 1543 1400 1587; baseline -0.004 0"><span class='ocrx_word' id='word_1_110' title='bbox 434 1547 603 1587; x_wconf 67' lang='lat' dir='ltr'>Actaeos</span> <span class='ocrx_word' id='word_1_111' title='bbox 637 1545 752 1585; x_wconf 81' lang='lat' dir='ltr'>inter</span> <span class='ocrx_word' id='word_1_112' title='bbox 784 1544 918 1585; x_wconf 84' lang='lat' dir='ltr'>colles</span> <span class='ocrx_word' id='word_1_113' title='bbox 952 1547 994 1584; x_wconf 90' lang='lat' dir='ltr'>et</span> <span class='ocrx_word' id='word_1_114' title='bbox 1027 1543 1212 1584; x_wconf 83' lang='lat' dir='ltr'>candida</span> <span class='ocrx_word' id='word_1_115' title='bbox 1245 1543 1400 1584; x_wconf 83' lang='lat' dir='ltr'>Thesei</span> 
     </span>
    </p>

    <p class='ocr_par' dir='ltr' id='par_1_23' title="bbox 436 1619 1403 1673">
     <span class='ocr_line' id='line_1_26' title="bbox 436 1619 1403 1673; baseline -0.003 -11"><span class='ocrx_word' id='word_1_116' title='bbox 436 1621 673 1673; x_wconf 88' lang='lat' dir='ltr'>Purpureis</span> <span class='ocrx_word' id='word_1_117' title='bbox 704 1621 791 1661; x_wconf 86' lang='lat' dir='ltr'>late</span> <span class='ocrx_word' id='word_1_118' title='bbox 825 1620 1013 1661; x_wconf 82' lang='lat' dir='ltr'>ridentia</span> <span class='ocrx_word' id='word_1_119' title='bbox 1045 1619 1178 1660; x_wconf 81' lang='lat' dir='ltr'>litora</span> <span class='ocrx_word' id='word_1_120' title='bbox 1211 1619 1403 1668; x_wconf 85' lang='lat' dir='ltr'>conchis,</span> 
     </span>
    </p>

    <p class='ocr_par' dir='ltr' id='par_1_24' title="bbox 439 1696 1456 1749">
     <span class='ocr_line' id='line_1_27' title="bbox 439 1696 1456 1749; baseline -0.001 -11"><span class='ocrx_word' id='word_1_121' title='bbox 439 1698 633 1749; x_wconf 80' lang='lat' dir='ltr'>Quarum</span> <span class='ocrx_word' id='word_1_122' title='bbox 666 1711 757 1739; x_wconf 90' lang='lat' dir='ltr'>non</span> <span class='ocrx_word' id='word_1_123' title='bbox 788 1697 869 1738; x_wconf 87' lang='lat' dir='ltr'>ulli</span> <span class='ocrx_word' id='word_1_124' title='bbox 903 1699 1020 1738; x_wconf 86' lang='lat' dir='ltr'>fama</span> <span class='ocrx_word' id='word_1_125' title='bbox 1051 1698 1288 1738; x_wconf 77' lang='lat' dir='ltr'>concedere</span> <span class='ocrx_word' id='word_1_126' title='bbox 1324 1696 1456 1749; x_wconf 89' lang='lat' dir='ltr'>digna</span> 
     </span>
    </p>

    <p class='ocr_par' dir='ltr' id='par_1_25' title="bbox 439 1771 1648 1828">
     <span class='ocr_line' id='line_1_28' title="bbox 439 1771 1648 1828; baseline -0.005 -12"><span class='ocrx_word' id='word_1_127' title='bbox 439 1775 534 1816; x_wconf 86' lang='lat' dir='ltr'>Stat</span> <span class='ocrx_word' id='word_1_128' title='bbox 565 1775 754 1828; x_wconf 77' lang='lat' dir='ltr'>Megara,</span> <span class='ocrx_word' id='word_1_129' title='bbox 788 1775 991 1815; x_wconf 86' lang='lat' dir='ltr'>Alcathoi</span> <span class='ocrx_word' id='word_1_130' title='bbox 1025 1774 1248 1827; x_wconf 84' lang='lat' dir='ltr'>quondam</span> <span class='ocrx_word' id='word_1_131' title='bbox 1282 1773 1453 1814; x_wconf 88' lang='lat' dir='ltr'>munita</span> <span class='ocrx_word' id='word_1_132' title='bbox 1485 1771 1648 1817; x_wconf 84' lang='lat' dir='ltr'>labore,</span> 
     </span>
    </p>

    <p class='ocr_par' dir='ltr' id='par_1_26' title="bbox 436 1849 1597 1905">
     <span class='ocr_line' id='line_1_29' title="bbox 436 1849 1597 1905; baseline -0.003 -13"><span class='ocrx_word' id='word_1_133' title='bbox 436 1852 639 1893; x_wconf 76' lang='lat' dir='ltr'>Alea-thoi</span> <span class='ocrx_word' id='word_1_134' title='bbox 671 1851 934 1905; x_wconf 73' lang='lat' dir='ltr'>Phoebique:</span> <span class='ocrx_word' id='word_1_135' title='bbox 970 1851 1076 1892; x_wconf 84' lang='lat' dir='ltr'>deus</span> <span class='ocrx_word' id='word_1_136' title='bbox 1109 1865 1300 1904; x_wconf 87' lang='lat' dir='ltr'>namque</span> <span class='ocrx_word' id='word_1_137' title='bbox 1334 1849 1473 1891; x_wconf 85' lang='lat' dir='ltr'>adfuit-</span> <span class='ocrx_word' id='word_1_138' title='bbox 1505 1849 1597 1896; x_wconf 85' lang='lat' dir='ltr'>illi;</span> 
     </span>
    </p>

    <p class='ocr_par' dir='ltr' id='par_1_27' title="bbox 440 1927 1521 1971">
     <span class='ocr_line' id='line_1_30' title="bbox 440 1927 1521 1971; baseline -0.004 -1"><span class='ocrx_word' id='word_1_139' title='bbox 440 1928 564 1971; x_wconf 87' lang='lat' dir='ltr'>Unde</span> <span class='ocrx_word' id='word_1_140' title='bbox 599 1929 733 1969; x_wconf 87' lang='lat' dir='ltr'>etiam</span> <span class='ocrx_word' id='word_1_141' title='bbox 765 1928 942 1969; x_wconf 85' lang='lat' dir='ltr'>citharae</span> <span class='ocrx_word' id='word_1_142' title='bbox 974 1941 1101 1969; x_wconf 75' lang='lat' dir='ltr'>voces</span> <span class='ocrx_word' id='word_1_143' title='bbox 1135 1928 1334 1968; x_wconf 85' lang='lat' dir='ltr'>imitatus</span> <span class='ocrx_word' id='word_1_144' title='bbox 1371 1927 1521 1967; x_wconf 88' lang='lat' dir='ltr'>acutas</span> 
     </span>
    </p>

    <p class='ocr_par' dir='ltr' id='par_1_28' title="bbox 441 2003 1614 2058">
     <span class='ocr_line' id='line_1_31' title="bbox 441 2003 1614 2058; baseline -0.004 -12"><span class='ocrx_word' id='word_1_145' title='bbox 441 2004 562 2058; x_wconf 85' lang='lat' dir='ltr'>Saepe</span> <span class='ocrx_word' id='word_1_146' title='bbox 594 2006 707 2058; x_wconf 89' lang='lat' dir='ltr'>lapis</span> <span class='ocrx_word' id='word_1_147' title='bbox 740 2008 933 2058; x_wconf 80' lang='lat' dir='ltr'>recrepat</span> <span class='ocrx_word' id='word_1_148' title='bbox 969 2004 1169 2058; x_wconf 63' lang='lat' dir='ltr'>Cyllenia</span> <span class='ocrx_word' id='word_1_149' title='bbox 1201 2017 1428 2045; x_wconf 89' lang='lat' dir='ltr'>murmura</span> <span class='ocrx_word' id='word_1_150' title='bbox 1460 2003 1614 2055; x_wconf 84' lang='lat' dir='ltr'>pulsus</span> 
     </span>
    </p>

    <p class='ocr_par' dir='ltr' id='par_1_29' title="bbox 440 2082 1548 2123">
     <span class='ocr_line' id='line_1_32' title="bbox 440 2082 1548 2123; baseline -0.004 0"><span class='ocrx_word' id='word_1_151' title='bbox 440 2083 494 2123; x_wconf 86' lang='lat' dir='ltr'>Et</span> <span class='ocrx_word' id='word_1_152' title='bbox 525 2085 720 2123; x_wconf 82' lang='lat' dir='ltr'>veterem</span> <span class='ocrx_word' id='word_1_153' title='bbox 753 2082 900 2123; x_wconf 88' lang='lat' dir='ltr'>sonitu</span> <span class='ocrx_word' id='word_1_154' title='bbox 934 2082 1085 2123; x_wconf 86' lang='lat' dir='ltr'>Phoebi</span> <span class='ocrx_word' id='word_1_155' title='bbox 1119 2082 1305 2122; x_wconf 82' lang='lat' dir='ltr'>testatur</span> <span class='ocrx_word' id='word_1_156' title='bbox 1338 2093 1548 2121; x_wconf 86' lang='lat' dir='ltr'>amorem.</span> 
     </span>
    </p>

    <p class='ocr_par' dir='ltr' id='par_1_30' title="bbox 441 2153 1758 2211">
     <span class='ocr_line' id='line_1_33' title="bbox 441 2153 1758 2211; baseline -0.004 -12"><span class='ocrx_word' id='word_1_157' title='bbox 441 2158 567 2199; x_wconf 86' lang='lat' dir='ltr'>Hanc</span> <span class='ocrx_word' id='word_1_158' title='bbox 598 2158 764 2207; x_wconf 83' lang='lat' dir='ltr'>urbem,</span> <span class='ocrx_word' id='word_1_159' title='bbox 801 2161 901 2200; x_wconf 82' lang='lat' dir='ltr'>ante</span> <span class='ocrx_word' id='word_1_160' title='bbox 935 2159 1046 2200; x_wconf 85' lang='lat' dir='ltr'>alios</span> <span class='ocrx_word' id='word_1_161' title='bbox 1081 2159 1154 2211; x_wconf 90' lang='lat' dir='ltr'>qui</span> <span class='ocrx_word' id='word_1_162' title='bbox 1187 2161 1281 2198; x_wconf 83' lang='lat' dir='ltr'>tum</span> <span class='ocrx_word' id='word_1_163' title='bbox 1314 2156 1499 2198; x_wconf 86' lang='lat' dir='ltr'>florebat</span> <span class='ocrx_word' id='word_1_164' title='bbox 1530 2156 1579 2196; x_wconf 87' lang='lat' dir='ltr'>in</span> <span class='ocrx_word' id='word_1_165' title='bbox 1613 2153 1758 2202; x_wconf 83' lang='lat' dir='ltr'>armis,</span> 
     </span>
    </p>

    <p class='ocr_par' dir='ltr' id='par_1_31' title="bbox 442 2231 1521 2289">
     <span class='ocr_line' id='line_1_34' title="bbox 442 2231 1521 2289; baseline -0.004 -12"><span class='ocrx_word' id='word_1_166' title='bbox 442 2236 622 2277; x_wconf 87' lang='lat' dir='ltr'>Fecerat</span> <span class='ocrx_word' id='word_1_167' title='bbox 654 2237 862 2277; x_wconf 88' lang='lat' dir='ltr'>infestam</span> <span class='ocrx_word' id='word_1_168' title='bbox 895 2236 1132 2289; x_wconf 87' lang='lat' dir='ltr'>populator</span> <span class='ocrx_word' id='word_1_169' title='bbox 1165 2235 1329 2287; x_wconf 83' lang='lat' dir='ltr'>remige</span> <span class='ocrx_word' id='word_1_170' title='bbox 1361 2231 1521 2281; x_wconf 84' lang='lat' dir='ltr'>Minos,</span> 
     </span>
    </p>

    <p class='ocr_par' dir='ltr' id='par_1_32' title="bbox 443 2311 1394 2367">
     <span class='ocr_line' id='line_1_35' title="bbox 443 2311 1394 2367; baseline -0.003 -13"><span class='ocrx_word' id='word_1_171' title='bbox 443 2313 650 2367; x_wconf 86' lang='lat' dir='ltr'>Hospitio</span> <span class='ocrx_word' id='word_1_172' title='bbox 684 2313 801 2367; x_wconf 87' lang='lat' dir='ltr'>quod</span> <span class='ocrx_word' id='word_1_173' title='bbox 834 2327 879 2354; x_wconf 89' lang='lat' dir='ltr'>se</span> <span class='ocrx_word' id='word_1_174' title='bbox 912 2313 1006 2353; x_wconf 90' lang='lat' dir='ltr'>Nisi</span> <span class='ocrx_word' id='word_1_175' title='bbox 1038 2311 1245 2365; x_wconf 68' lang='lat' dir='ltr'>Polyidos</span> <span class='ocrx_word' id='word_1_176' title='bbox 1278 2311 1394 2351; x_wconf 79' lang='lat' dir='ltr'>avito</span> 
     </span>
    </p>

    <p class='ocr_par' dir='ltr' id='par_1_33' title="bbox 445 2386 1457 2444">
     <span class='ocr_line' id='line_1_36' title="bbox 445 2386 1457 2444; baseline -0.006 -12"><span class='ocrx_word' id='word_1_177' title='bbox 445 2391 731 2444; x_wconf 84' lang='lat' dir='ltr'>Carpathium</span> <span class='ocrx_word' id='word_1_178' title='bbox 764 2391 936 2443; x_wconf 82' lang='lat' dir='ltr'>fugiens</span> <span class='ocrx_word' id='word_1_179' title='bbox 971 2393 1013 2430; x_wconf 87' lang='lat' dir='ltr'>et</span> <span class='ocrx_word' id='word_1_180' title='bbox 1045 2388 1231 2430; x_wconf 90' lang='lat' dir='ltr'>flumina</span> <span class='ocrx_word' id='word_1_181' title='bbox 1263 2386 1457 2428; x_wconf 76' lang='lat' dir='ltr'>Caeratea</span> 
     </span>
    </p>

    <p class='ocr_par' dir='ltr' id='par_1_34' title="bbox 444 2463 1624 2519">
     <span class='ocr_line' id='line_1_37' title="bbox 444 2463 1624 2519; baseline -0.007 -10"><span class='ocrx_word' id='word_1_182' title='bbox 444 2469 636 2510; x_wconf 75' lang='lat' dir='ltr'>Texerat.</span> <span class='ocrx_word' id='word_1_183' title='bbox 671 2467 800 2508; x_wconf 86' lang='lat' dir='ltr'>Hunc</span> <span class='ocrx_word' id='word_1_184' title='bbox 833 2467 948 2508; x_wconf 88' lang='lat' dir='ltr'>bello</span> <span class='ocrx_word' id='word_1_185' title='bbox 982 2469 1184 2519; x_wconf 84' lang='lat' dir='ltr'>repetens</span> <span class='ocrx_word' id='word_1_186' title='bbox 1219 2465 1460 2517; x_wconf 76' lang='lat' dir='ltr'>Gortynius</span> <span class='ocrx_word' id='word_1_187' title='bbox 1493 2463 1624 2503; x_wconf 88' lang='lat' dir='ltr'>heros</span> 
     </span>
    </p>

    <p class='ocr_par' dir='ltr' id='par_1_35' title="bbox 448 2541 1403 2594">
     <span class='ocr_line' id='line_1_38' title="bbox 448 2541 1403 2594; baseline -0.003 -10"><span class='ocrx_word' id='word_1_188' title='bbox 448 2545 612 2586; x_wconf 69' lang='lat' dir='ltr'>(Iariva</span> <span class='ocrx_word' id='word_1_189' title='bbox 646 2543 812 2585; x_wconf 83' lang='lat' dir='ltr'>Cretaea</span> <span class='ocrx_word' id='word_1_190' title='bbox 845 2543 1070 2584; x_wconf 83' lang='lat' dir='ltr'>sternebat</span> <span class='ocrx_word' id='word_1_191' title='bbox 1099 2555 1200 2582; x_wconf 86' lang='lat' dir='ltr'>rura</span> <span class='ocrx_word' id='word_1_192' title='bbox 1233 2541 1403 2594; x_wconf 75' lang='lat' dir='ltr'>sagitta..</span> 
     </span>
    </p>

    <p class='ocr_par' dir='ltr' id='par_1_36' title="bbox 447 2611 1735 2675">
     <span class='ocr_line' id='line_1_39' title="bbox 447 2611 1735 2675; baseline -0.007 -12"><span class='ocrx_word' id='word_1_193' title='bbox 447 2620 530 2663; x_wconf 86' lang='lat' dir='ltr'>Sed</span> <span class='ocrx_word' id='word_1_194' title='bbox 562 2635 703 2675; x_wconf 88' lang='lat' dir='ltr'>neque</span> <span class='ocrx_word' id='word_1_195' title='bbox 736 2624 831 2661; x_wconf 87' lang='lat' dir='ltr'>tum</span> <span class='ocrx_word' id='word_1_196' title='bbox 864 2620 992 2663; x_wconf 84' lang='lat' dir='ltr'>cives.</span> <span class='ocrx_word' id='word_1_197' title='bbox 1026 2631 1169 2671; x_wconf 87' lang='lat' dir='ltr'>neque</span> <span class='ocrx_word' id='word_1_198' title='bbox 1201 2620 1296 2658; x_wconf 80' lang='lat' dir='ltr'>tum</span> <span class='ocrx_word' id='word_1_199' title='bbox 1330 2630 1402 2657; x_wconf 75' lang='lat' dir='ltr'>rex</span> <span class='ocrx_word' id='word_1_200' title='bbox 1425 2611 1527 2668; x_wconf 33' lang='lat' dir='ltr'>*ipse</span> <span class='ocrx_word' id='word_1_201' title='bbox 1560 2617 1735 2655; x_wconf 68' lang='lat' dir='ltr'>veretur</span> 
     </span>
    </p>

    <p class='ocr_par' dir='ltr' id='par_1_37' title="bbox 444 2695 1558 2748">
     <span class='ocr_line' id='line_1_40' title="bbox 444 2695 1558 2748; baseline -0.006 -8"><span class='ocrx_word' id='word_1_202' title='bbox 444 2698 612 2740; x_wconf 87' lang='lat' dir='ltr'>Infesto</span> <span class='ocrx_word' id='word_1_203' title='bbox 646 2696 700 2738; x_wconf 86' lang='lat' dir='ltr'>ad</span> <span class='ocrx_word' id='word_1_204' title='bbox 731 2709 882 2738; x_wconf 81' lang='lat' dir='ltr'>muros</span> <span class='ocrx_word' id='word_1_205' title='bbox 914 2696 1150 2737; x_wconf 84' lang='lat' dir='ltr'>volitantes</span> <span class='ocrx_word' id='word_1_206' title='bbox 1184 2695 1359 2748; x_wconf 86' lang='lat' dir='ltr'>agmine</span> <span class='ocrx_word' id='word_1_207' title='bbox 1392 2697 1558 2734; x_wconf 83' lang='lat' dir='ltr'>turmas</span> 
     </span>
    </p>
   </div>
  </div>
 </body>
</html>
