1988 3159
616 210 672 236 DE
703 209 890 237 AUCTORE
922 209 1044 236 CIBIS.
1534 201 1573 239 1⁹7

376 327 426 359 Et
452 328 507 365 tu,
533 325 594 358 cui
621 324 769 357 meritis
797 324 919 356 oritur
945 323 1085 357 fiducia
1112 323 1264 359 chartis.

377 383 510 418 Octavi
537 382 761 423 venerande,
788 382 882 415 meis
909 381 1083 415 adlabere
1111 382 1257 426 coeptis,

95 493 158 520 vs.
193 481 260 521 26.
297 484 338 519 et
372 479 436 519 37.
472 480 624 519 semele
655 491 766 531 [mer
799 477 1060 529 appellatus,
1095 478 1161 517 cui
1195 481 1325 530 poeta
1350 491 1434 517 vss.
1466 478 1578 517 37-

97 556 163 595 38.
199 555 483 596 vaticinatur:

757 613 793 644 et
819 610 890 643 tibi
917 613 1059 644 crescet

312 670 444 704 Gloria
468 671 697 714 perpetuum
724 669 866 709 lucens,
894 656 1079 703 mansura
1103 679 1172 713 per
1198 679 1332 709 aevum,

95 782 211 818 certe
255 777 405 818 nullus
450 777 562 817 alius
603 777 691 818 nisi
734 776 837 816 Iulii
871 776 1054 818 Caesaris
1098 777 1384 829 propinquus,
1426 778 1579 826 postea

98 854 364 895 Octavianus
411 853 553 899 dictus
599 866 692 893 esse
739 854 890 905 possit,
938 853 1166 893 falsarium
1210 851 1448 892 Octaviano
1480 852 1578 892 vivo

95 929 184 969 tale
219 928 496 970 mendacium
531 942 688 969 ausum
722 942 816 969 esse
850 943 942 970 non
976 931 1041 970 est
1073 928 1292 969 credibile.
1331 925 1471 968 Culeoe
1502 928 1579 981 igi·

95 1006 168 1044 tur
214 1017 305 1045 non
349 1006 494 1058 potuit
538 1008 640 1046 ante
688 1005 849 1045 Tiberii
897 1007 1176 1058 imperatoris
1220 1009 1420 1057 tempora
1452 1005 1580 1044 scribi

97 1083 228 1134 atque
260 1080 453 1135 Vergilio
487 1083 691 1134 supponi.
737 1082 851 1134 Ergo
893 1096 948 1122 ne
995 1083 1104 1122 alter
1149 1082 1325 1134 quidem
1362 1081 1579 1130 falsarius,

97 1157 296 1198 imitator
343 1157 503 1198 Culicis
553 1161 594 1198 et
642 1157 983 1211 Cataleptomm,
1034 1160 1186 1198 auctor
1238 1156 1361 1201 Ciris,
1411 1158 1583 1208 poterat

100 1236 202 1273 ante
250 1232 412 1273 Tiberii
458 1235 693 1285 imperium
747 1248 923 1275 carmen
976 1246 1105 1274 suum
1150 1230 1581 1284 pseudepigraphum

99 1321 377 1360 componere.

171 1383 375 1426 Ceterum
409 1386 613 1426 falsarius
646 1390 798 1426 noster
830 1385 969 1426 mult-o
1005 1387 1087 1426 fuit
1120 1386 1299 1434 doctior,
1326 1399 1456 1438 quam
1483 1398 1580 1424 auc-

99 1463 171 1501 tor
203 1461 391 1502 Culicis:
425 1461 656 1514 perdidicit
689 1463 806 1503 enim
840 1462 1164 1503 accuratissime
1197 1461 1414 1510 Bucolica,
1450 1460 1582 1501 Geor-

102 1538 198 1590 gica
228 1540 453 1591 totamque
487 1538 737 1587 Aeneidem,
772 1537 999 1591 Catalepta
1031 1538 1284 1589 Vergiliana
1321 1539 1363 1577 et
1393 1536 1583 1577 Pseudo-

101 1614 356 1666 vergiliana,
389 1617 440 1655 ut
471 1616 621 1655 omnia
653 1615 744 1655 haec
778 1627 909 1667 opera
942 1614 1150 1654 facillime
1184 1613 1389 1666 potuerit,
1422 1613 1583 1665 partim

103 1690 158 1730 ad
208 1690 390 1730 verbum
440 1703 564 1743 paene
619 1690 912 1739 exscribendo,
963 1691 1123 1742 partim
1172 1690 1363 1730 colorem
1414 1691 1583 1729 tantum

103 1765 206 1811 stili,
243 1767 505 1808 elocutionis
539 1768 730 1819 artisque
779 1768 968 1807 metricae
1013 1767 1302 1820 proprietates
1349 1764 1581 1819 sequendo,

102 1843 149 1882 in
184 1843 335 1894 quavis
369 1844 576 1883 carminis
611 1843 678 1883 sui
709 1847 833 1895 parte
866 1844 1044 1883 imitari.
1079 1843 1305 1890 Praeterea,
1333 1855 1433 1883 oum
1456 1842 1585 1882 sciret

102 1918 357 1959 Lucretium
390 1933 415 1959 a
445 1919 637 1972 Vergilio
684 1919 925 1971 saepissime
958 1919 1172 1959 imitando
1207 1931 1459 1970 expressum
1491 1931 1585 1959 esse

101 1995 149 2035 in
180 1995 399 2036 Bucolicis
432 1998 474 2036 et
507 1995 741 2048 Georgicis,
778 1995 825 2034 in
858 2008 986 2047 opere
1020 1994 1211 2047 Vergilio
1242 1995 1391 2035 iuveni
1426 2007 1584 2047 suppo-

102 2071 249 2112 nendo
294 2071 631 2124 diligentissime
676 2074 852 2111 secutus
898 2074 964 2112 est
1008 2070 1227 2123 magnifici
1263 2071 1471 2112 carminis
1519 2068 1584 2112 De

100 2159 253 2187 ‘rerum
290 2147 454 2188 namara
491 2149 736 2196 auctorem;
777 2160 960 2199 cumque
983 2147 1235 2200 ‘Vergilium
1268 2148 1314 2188 in
1348 2146 1585 2200 Cataleptis

103 2220 266 2264 Catulli
299 2222 564 2276 discipulum
609 2224 744 2264 fuisse
788 2223 1051 2276 pervidisset
1092 2224 1216 2276 eique
1263 2223 1456 2276 epyllion
1493 2227 1583 2263 arte

102 2300 337 2339 cantorum
367 2299 668 2352 Euphorionis
702 2301 997 2353 compositum
1030 2299 1221 2339 tribuere
1253 2299 1400 2347 vellet,
1424 2299 1584 2351 expila-

101 2373 166 2414 vit
197 2386 298 2414 cum
329 2377 471 2415 totum
505 2374 739 2425 Catullum,
773 2380 868 2417 tum
899 2376 1117 2429 praecipue
1151 2375 1346 2428 epyllion
1390 2375 1442 2416 de
1474 2388 1585 2427 nup-

102 2450 178 2490 tiis
225 2449 344 2490 Pelei
388 2453 431 2492 et
473 2451 708 2492 Thetidis*
753 2451 805 2492 ab
849 2452 978 2492 initio
1023 2465 1160 2504 usque
1199 2451 1254 2492 ad
1285 2450 1419 2493 finem
1452 2452 1585 2492 etiam

103 2525 210 2566 artis
242 2526 433 2567 metricae
476 2526 782 2567 Alexandrinae
832 2527 1073 2580 elegantias
1118 2527 1399 2569 callidissime
1440 2527 1584 2568 obser-

172 2686 194 2708 *
222 2687 358 2722 Catull.
383 2687 510 2724 Carni.
537 2690 591 2723 64.

172 2768 351 2805 Ne'methy:
373 2771 468 2798 Ciris.

1446 2759 1464 2791 Ν.)
