1988 3159
327 195 394 227 140
929 199 1143 227 EXCURSUS
1176 201 1202 227 I.

324 312 480 356 schlaft,
524 312 662 350 Venus
705 314 777 350 hat
821 313 893 350 11111
924 314 1236 363 eingeschlafert
1265 316 1347 353 und
1377 319 1482 363 tragt
1513 317 1587 354 ihn
1616 317 1660 353 in
1689 316 1808 353 ihren

322 381 444 429 Hain,
478 382 528 419 da
558 385 631 420 soll
652 396 694 420 er
722 385 860 421 weiter
889 385 1096 429 schlafen;
1127 386 1237 424 Scine
1267 387 1484 436 Kopfhohe
1505 387 1662 424 kommt
1694 387 1809 424 nicht

323 451 367 489 in
396 453 601 492 Betracht.
634 455 690 491 sie
720 455 847 492 bettet
877 455 951 492 ihn
982 455 1051 492 auf
1079 456 1142 493 die
1173 456 1395 496 duftenden
1426 457 1616 502 Stauden,
1650 458 1713 496 die
1743 472 1807 496 zu-

323 523 454 569 gleich
485 524 572 560 sein
601 523 731 573 Lagei·
772 525 862 562 sind
906 527 991 563 und
1021 527 1091 564 das
1121 528 1259 577 Haupt
1288 528 1356 566 des
1385 529 1599 577 liegenden
1630 529 1812 567 1303011οῖ-

324 593 448 631 munst
499 594 595 640 Quae
637 595 796 633 nemini
837 599 943 634 certe
987 598 1260 636 satisfacient:
1298 602 1358 637 est
1387 601 1497 637 enim
1527 611 1738 638 amaracus
1767 613 1808 637 re

326 676 414 701 vere
444 667 528 702 tam
557 679 693 714 parva,
738 670 781 704 ut
810 680 860 704 ne
903 668 1069 705 cubanti
1099 668 1262 718 quidem
1292 672 1452 709 dulcem
1485 672 1680 709 ‘umbram
1708 683 1808 719 prae-

323 735 416 772 bere
446 736 586 784 possit.

394 806 478 854 Ego
511 810 688 844 maxime
731 810 858 846 miror
889 811 1024 847 neutri
1064 811 1223 848 venisse
1253 811 1295 848 in
1325 814 1505 849 mentem
1535 813 1611 850 hoc
1640 812 1809 860 Vergilii

322 876 409 913 loco
444 878 630 914 tambram
664 893 747 916 non
779 880 1006 927 significare
1037 879 1157 920 oxedv
1187 881 1419 920 Graecorum
1451 883 1544 932 (1.0.
1578 884 1809 932 Hungarice

323 948 490 995 c'zrnyclf,
523 948 764 988 Germanice
786 950 1010 1002 Selmzten).
1043 953 1112 990 sed
1142 955 1344 1002 frondem.
1375 955 1397 990 i.
1431 967 1462 991 e.
1494 953 1590 991 folia
1620 955 1807 994 amaraci,

323 1020 549 1065 praesertim
580 1032 671 1058 cum
702 1023 825 1059 etiam
855 1024 898 1059 in
930 1022 1012 1061 Ciri
1042 1023 1118 1060 hoc
1149 1025 1236 1072 ipso
1266 1024 1352 1061 loco
1390 1025 1535 1062 umbra
1566 1025 1671 1062 nihil
1701 1024 1810 1062 aliud

323 1089 403 1125 nisi
434 1089 619 1127 frondem
650 1092 877 1139 significare
909 1095 1058 1142 possit;
1089 1095 1221 1142 agitur
1250 1097 1359 1132 enim
1390 1095 1437 1132 (10
1471 1096 1618 1132 umbra
1646 1093 1811 1133 vim'difl

396 1159 665 1206 Quzerendum
708 1164 839 1210 igitur.
899 1177 950 1202 311
994 1165 1069 1201 hac
1113 1164 1409 1212 significatione
1450 1165 1603 1202 umbrae
1649 1168 1811 1215 recepta

323 1229 411 1266 tolli
441 1234 569 1279 pos-sit
599 1235 730 1270 omnis
761 1234 1008 1272 difficultas?

394 1301 483 1339 Mea
526 1303 689 1351 quidem
731 1305 933 1343 sententia
976 1307 1114 1344 omnia
1151 1309 1271 1355 plana
1314 1307 1418 1345 fiunt
1446 1308 1653 1345 levissima
1680 1309 1809 1348 muta-

322 1370 434 1408 tione
477 1373 668 1411 adhibita.
702 1388 779 1424 qua
809 1388 873 1412 me
903 1389 987 1413 non
1018 1377 1193 1414 deterret
1231 1377 1414 1415 codicum
1443 1379 1810 1416 vetustissimorum

323 1445 554 1482 auctoritas.
584 1444 655 1482 Est
687 1447 795 1483 enim
839 1447 1137 1496 philologorum
1178 1449 1367 1489 officium,
1401 1452 1598 1494 nostrum,
1630 1451 1809 1498 inquam,

324 1515 393 1563 qui
421 1527 443 1552 a
473 1528 565 1553 vera
586 1519 845 1567 genuinaque
867 1520 1110 1568 antiquitate
1132 1520 1264 1569 longis
1286 1521 1526 1569 ignorantiae
1549 1519 1810 1568 stultitiaeque

323 1588 478 1623 saeculis
522 1587 750 1625 dividimur.
797 1589 993 1638 quidquid
1032 1603 1079 1628 ex
1120 1593 1189 1628 illa
1231 1591 1407 1628 mirabili
1449 1589 1609 1638 generis
1637 1589 1811 1627 humani

322 1655 531 1694 iuventute
562 1658 610 1695 ad
640 1672 713 1696 nos
743 1662 937 1708 pervenit.
980 1661 1173 1699 doctrinae
1204 1675 1277 1711 ope
1308 1675 1478 1711 purgare
1510 1661 1693 1699 sordibus
1725 1661 1809 1698 diu-

324 1729 434 1765 turni
465 1728 565 1765 situs
596 1731 828 1780 ingeniique
859 1734 1045 1770 acumine
1075 1733 1126 1770 ad
1156 1733 1373 1782 pristinum
1403 1732 1593 1770 reducere
1624 1732 1810 1780 splendo—

324 1810 421 1837 rem.
452 1798 625 1837 Eveniat
646 1801 792 1839 cotidie
822 1801 872 1839 id.
899 1803 1004 1851 quod
1036 1816 1206 1851 magnus
1236 1804 1303 1842 ille
1332 1804 1563 1847 Petrai-cha,
1595 1805 1809 1840 venturum

324 1870 484 1918 tempus
515 1874 817 1910 renascentium
848 1873 890 1910 in
921 1875 1040 1911 Italia
1069 1875 1299 1913 litterarum
1329 1874 1465 1910 divino
1496 1874 1635 1910 animo
1665 1884 1810 1921 praesa-

322 1940 446 1987 giens.
479 1941 522 1978 in
552 1942 686 1980 Africa
717 1943 810 1980 sua3
839 1945 1011 1982 cecinit:

754 2065 762 2072 .
782 2064 788 2071 .
810 2065 816 2071 .
836 2042 1017 2082 poterunt
1044 2040 1226 2073 discussis
1252 2038 1347 2072 forte
1374 2038 1541 2072 tenebris

563 2096 619 2130 Ad
647 2107 787 2140 purum
814 2098 1060 2141 priscumque
1088 2098 1197 2132 iubar
1223 2109 1394 2132 remeare
1422 2099 1590 2141 nepotes

399 2190 528 2236 Quare
570 2203 644 2227 nos
688 2204 778 2228 cum
827 2192 1037 2241 Bentley),
1084 2195 1181 2230 artis
1224 2193 1373 2230 criticae
1412 2192 1665 2229 divinatoriae
1695 2190 1812 2228 facile

325 2259 519 2310 principe.
551 2262 744 2299 facimus:
776 2263 893 2300 nobis
922 2264 1026 2300 ratio
1056 2266 1220 2300 centum
1251 2263 1455 2301 codicibus
1485 2264 1631 2312 potior.

399 2331 630 2370 Sci-ibamus
659 2333 783 2381 igitur
812 2333 919 2382 apud
947 2334 1171 2382 Vergilium
1201 2334 1325 2371 dulce
1354 2346 1428 2383 pro
1458 2334 1584 2373 dulci.
1615 2336 1658 2370 ut
1695 2335 1814 2371 dulce

326 2404 548 2453 adspirans
590 2403 813 2451 significet:
857 2404 1014 2442 dulcem
1058 2404 1222 2442 odorem
1267 2404 1490 2453 adspirans.
1531 2403 1811 2452 pertineatque

325 2468 410 2512 ἀπὸ
439 2475 577 2513 κοινοῦ
620 2478 659 2513 et
689 2475 739 2513 ad
767 2477 937 2525 floribus
979 2478 1018 2513 et
1060 2475 1111 2513 ad
1142 2476 1300 2520 umbra,
1331 2488 1551 2525 sensusque
1581 2475 1706 2512 ‘notius
1734 2475 1812 2511 loci

398 2610 410 2630 ¹
433 2611 479 2644 In
506 2611 750 2656 ephemeride
778 2611 948 2652 Hermes,
973 2615 999 2646 t.
1025 2612 1081 2646 42.
1107 2624 1144 2657 p.
1170 2612 1225 2645 38.

398 2669 412 2689 ‘²
438 2669 542 2704 Sicut
570 2671 670 2715 apud
696 2671 810 2715 Verg.
829 2672 907 2704 Ecl.
926 2671 992 2704 IX.
1013 2671 1080 2704 20:
1111 2670 1247 2704 «viridi
1271 2671 1394 2704 fontes
1413 2669 1610 2703 induceret
1640 2669 1808 2703 umbra.»

397 2729 412 2749 ³
437 2728 519 2762 Lib.
544 2729 610 2764 IX.
