1988 3159
273 183 318 215 36

272 323 330 345 340

273 705 328 728 345

272 1090 329 1114 350

278 1855 334 1878 360

278 2238 333 2260 365

953 179 1076 206 CIBIS.

392 301 474 341 His
506 299 581 339 ubi
615 297 827 339 sollicitos
860 295 997 337 animi
1028 296 1297 336 relevaverat
1328 298 1461 335 aestus

392 375 580 418 Vocibus
613 377 656 415 et
686 373 849 415 blanda
880 375 1033 426 pectus
1067 386 1143 425 spe
1174 373 1341 413 luserat
1372 384 1550 424 aegrum,

391 452 627 494 Paullatim
659 450 947 492 tremebunda
978 450 1103 502 genis
1137 449 1350 490 obducere
1383 450 1550 489 vestem

370 529 586 582 -W'irginis
620 532 662 568 et
693 526 912 580 placidam
944 526 1138 566 tenebris
1171 528 1345 578 captare
1378 524 1585 578 quietem*

394 606 564 648 [aversi
596 604 795 645 bibulum
827 603 1106 655 restinguens
1136 602 1290 643 lumen
1323 601 1444 653 olivi,

393 683 555 735 Incipit
587 681 640 722 ad
672 680 931 732 crebrosque
964 679 1110 719 insani
1144 679 1333 731 pectoris
1366 679 1480 719 ictus

392 760 522 800 Ferre
554 771 747 805 manum,
775 756 970 797 adsiduis
993 756 1190 796 mulcens
1224 754 1464 808 praecordia
1485 754 1663 806 palmis-

392 837 574 877 Noctem
606 835 729 875 illam
763 834 824 874 sic
855 835 1009 873 maesta
1042 846 1172 885 super
1194 831 1427 872 morientis
1451 831 1645 871 alumnae

392 914 643 967 Frigidulos
676 910 822 951 cubito
857 909 1041 950 subnixa
1073 908 1282 961 pependit
1315 908 1490 949 ocellos.

393 993 572 1033 Postera
603 989 677 1029 lux
708 987 783 1027 ubi
816 987 914 1026 laeta
947 985 1064 1025 diem
1096 985 1358 1026 mortalibus
1392 984 1478 1038 essi!

391 1070 446 1109 Et
479 1065 623 1120 gelida
654 1064 906 1104 venientem
938 1062 1087 1114 ignem
1122 1061 1346 1113 quatiebat
1380 1060 1432 1100 ab
1461 1058 1581 1102 Oeta.

395 1146 534 1195 Quem
565 1141 734 1195 pavidae
768 1139 949 1180 alternis
982 1139 1175 1191 fugitant
1208 1140 1448 1190 optantque
1480 1136 1644 1188 puellae

395 1219 675 1272 <Hesperium
707 1217 860 1260 vitant.
897 1218 1052 1268 optant
1086 1214 1308 1255 ardescere
1342 1213 1510 1263 Eoum),

395 1296 627 1349 Praeceptis
660 1298 784 1347 paret
817 1293 937 1344 virgo
966 1292 1155 1331 ‘nutricis
1189 1295 1230 1331 et
1264 1303 1416 1330 omnes

402 1374 600 1426 Undique
633 1369 853 1423 conquirit
884 1367 1081 1409 nubendi
1115 1367 1264 1407 sedula
1298 1380 1466 1408 causas.

395 1451 683 1502 Temptantur
713 1446 866 1499 patriae
899 1445 1130 1485 submissis
1164 1444 1341 1484 vocibus
1376 1457 1506 1484 aures

397 1526 738 1577 Laudanturque
773 1523 897 1563 bonae
930 1522 1052 1562 Pacis
1086 1521 1226 1566 bona:
1261 1521 1427 1560 multus
1459 1520 1625 1572 ineptae

396 1602 590 1653 Virginis
623 1599 802 1640 insolito
838 1611 979 1639 sermo
1015 1611 1154 1638 novus
1188 1599 1300 1637 errat
1333 1596 1380 1635 in
1413 1609 1500 1636 ore.

397 1681 521 1721 Nunc
553 1682 741 1718 tremere
775 1676 981 1716 instantis
1015 1675 1115 1716 belli
1152 1673 1392 1714 certamina
1424 1672 1527 1712 dicit

398 1757 774 1806 Communemque
807 1753 962 1792 timere
995 1751 1138 1798 deum,
1173 1763 1290 1790 nunc
1323 1749 1436 1801 regis
1469 1749 1622 1789 amicis

398 1834 608 1884 <Namque
627 1831 710 1883 ipsi
728 1830 869 1869 verita
887 1830 967 1879 est)
985 1828 1138 1868 orbum
1164 1826 1238 1866 flet
1259 1828 1412 1866 maesta
1433 1826 1680 1878 parentem,

399 1912 508 1958 Cum
540 1910 642 1951 love
676 1921 932 1949 communes
966 1907 1038 1959 qui
1071 1906 1184 1946 nolit
1216 1904 1376 1945 habere
1410 1906 1616 1956 nepotes;

397 1988 521 2028 Nunc
556 1987 688 2026 etiam
721 1984 907 2025 conficta
938 1984 1038 2023 dolo
1073 1981 1302 2022 mendacia
1333 1980 1452 2033 turpi

397 2063 572 2104 Invenit
605 2065 647 2102 et
679 2061 829 2101 divum
861 2063 994 2100 terret
1028 2058 1262 2099 formidine
1295 2059 1438 2105 cives;

398 2140 522 2180 Nunc
556 2139 643 2179 alia
675 2151 725 2177 ex
758 2138 856 2177 aliis
889 2143 983 2186 (nec.
1017 2136 1189 2179 desunt)
1223 2134 1373 2174 omina
1405 2134 1572 2186 quaerit.

399 2217 515 2268 Quin
549 2215 682 2256 etiam
715 2223 858 2254 castos
893 2226 998 2254 ausa
1032 2216 1097 2252 est
1129 2224 1406 2263 corrumpere
1439 2212 1579 2258 vates,

398 2294 467 2342 Ut,
502 2306 600 2333 cum
633 2304 743 2331 caesa
775 2291 849 2344 pio
883 2288 1111 2330 cecidisset
1144 2287 1321 2327 victima
1354 2287 1480 2334 ferro,

397 2370 568 2414 Essent,
605 2369 679 2422 qui
711 2380 921 2421 generum
954 2366 1105 2406 Minoa
1138 2364 1389 2404 auctoribus
1425 2363 1535 2403 extis

397 2447 583 2499 Iungere
612 2448 653 2485 et
686 2445 900 2497 ancipites
934 2442 1168 2483 suaderent
1200 2441 1353 2482 tollere
1386 2452 1577 2492 pugnas-

457 2523 512 2562 At
543 2522 701 2562 nutrix.
730 2520 883 2573 patula
916 2531 1186 2571 componens
1220 2517 1388 2557 sulfura
1419 2517 1544 2563 testa,

280 2620 337 2642 370
399 2599 652 2640 Narcissum
685 2598 933 2649 casiamque
967 2596 1125 2636 herbas
1157 2593 1354 2634 incendit
1386 2593 1562 2634 olentes

408 2676 574 2728 Terque
608 2688 780 2715 novena
812 2674 957 2726 ligans
990 2672 1152 2725 triplici
1185 2671 1355 2712 diversa
1387 2670 1536 2710 colore
