1988 3159
694 735 1035 789 PRAEFAT
1048 736 1151 790 IO.

241 974 294 1014 In
326 972 580 1027 Appendice
612 972 879 1026 Vergiliana,
916 972 1092 1014 candidi
1123 972 1331 1013 lectores!
1367 971 1420 1012 ad
1452 985 1534 1014 nos
1566 985 1660 1025 per-

169 1051 292 1091 venit
324 1063 500 1091 carmen
536 1047 668 1099 Ciris,
693 1049 887 1102 epyllion
909 1049 1308 1090 Alexandrinorum
1335 1062 1458 1089 more
1485 1062 1658 1102 compo-

171 1128 317 1175 situm,
355 1127 478 1167 cuius
512 1129 665 1167 auctor
696 1127 875 1179 ignotus
898 1126 1154 1167 Lucretium
1177 1124 1487 1178 Catullumque
1511 1125 1658 1178 saepis-

170 1204 280 1244 sime
313 1203 526 1252 imitatur,
563 1202 639 1243 sed
670 1202 876 1255 inprimis
909 1202 1091 1256 Vergilii
1123 1203 1242 1244 locos
1279 1205 1371 1244 tam
1416 1202 1581 1243 multos
1612 1203 1659 1243 in

170 1293 301 1321 suum
333 1293 463 1321 usum
497 1280 725 1329 convertit,
758 1282 808 1320 ut
839 1292 998 1332 poema
1021 1279 1115 1320 eius
1137 1279 1360 1320 interdum
1383 1292 1509 1332 paene
1532 1281 1660 1320 cento

169 1356 454 1410 Vergilianus
489 1369 583 1397 esse
617 1356 828 1396 videatur.

242 1433 307 1474 De
341 1433 424 1474 hoc
457 1433 650 1474 carmine
686 1446 858 1485 semper
891 1433 1070 1474 diversae
1105 1437 1232 1474 erant
1267 1434 1462 1475 virorum
1510 1433 1656 1474 docto-

165 1522 265 1550 rum
301 1509 556 1558 sententiae3
602 1523 745 1562 nuper
779 1512 925 1550 autem
956 1510 1173 1551 maximos
1206 1511 1254 1551 in
1286 1511 1512 1563 republica
1543 1511 1658 1551 litte-

166 1599 316 1627 rarum
373 1587 591 1627 tumultus
648 1587 787 1627 movit
850 1585 1121 1629 F›·a›2‹·is‹·us
1173 1585 1378 1637 SImtsvle,
1434 1587 1659 1640 professor

165 1662 538 1713 Vratislaviensis‚
574 1663 746 1704 duobus
790 1664 914 1704 libris
949 1662 1113 1713 editis)
1145 1664 1221 1704 ubi
1260 1665 1549 1716 «aegrotorum
1584 1676 1655 1703 ve-

166 1742 311 1780 terum
357 1738 588 1782 somnia»·²
632 1741 903 1782 resuscitans
949 1739 1070 1781 Cirin
1104 1739 1310 1781 Cornelio
1358 1738 1498 1788 Gallo,
1533 1739 1657 1792 prin-

165 1816 251 1870 cipi
286 1817 435 1870 elegiae
468 1817 678 1859 Romanae
710 1817 904 1858 vindicat
938 1819 980 1857 et
1010 1816 1204 1870 Vergilio
1238 1817 1475 1858 imitatoris
1508 1819 1655 1869 partes

166 1893 379 1935 attribuit.
414 1893 473 1935 Ut
507 1895 777 1935 sententiam
811 1907 936 1934 suam
969 1895 1244 1946 argumentis
1272 1892 1511 1942 confirmet,
1538 1905 1653 1933 com—

163 1973 291 2023 parat
322 1971 441 2012 locos
474 1971 590 2012 inter
634 1969 754 2012 Cirin
790 1974 831 2011 et
863 1970 1108 2023 Vergilium
1153 1983 1411 2011 communes
1455 1970 1654 2023 miraque

165 2059 264 2087 cum
297 2046 481 2088 audacia
524 2047 768 2100 Vergilium
807 2048 943 2088 fuisse
975 2047 1246 2088 imitatorem
1278 2061 1328 2088 eo
1356 2047 1501 2088 studet
1534 2046 1653 2087 evin-

164 2135 273 2171 cere,
309 2122 426 2176 quod
457 2122 676 2175 Vergilius
710 2137 886 2164 carmen
920 2122 1030 2164 Ciris
1062 2123 1263 2176 pluribus
1290 2124 1414 2173 locis,
1438 2136 1484 2164 se
1506 2124 1653 2176 ipsum

163 2199 367 2252 prodens,
403 2200 551 2252 inepte
586 2200 642 2240 sit
675 2202 850 2241 secutus
881 2213 1119 2254 versusque
1163 2201 1380 2242 imitando
1426 2213 1652 2254 expressos

163 2277 422 2329 plerumque
457 2278 709 2330 corruperit.
746 2275 842 2325 Sed,
878 2279 926 2317 ut
958 2278 1235 2330 cognoscatis
1258 2278 1453 2318 hominis
1475 2277 1651 2318 temeri-

233 2432 245 2453 ¹
272 2433 350 2467 Aus
396 2431 535 2477 Veryils
577 2433 759 2468 Frahzeit
797 2434 965 2479 (Lipsiae,
1002 2435 1186 2476 Teubner,
1230 2436 1356 2479 1901);
1398 2435 1531 2469 Gallus
1570 2434 1651 2468 und

166 2489 305 2535 Veryil,
329 2491 483 2533 ibidem,
512 2493 614 2527 1906.

231 2548 246 2569 2
270 2549 378 2584 Inter
402 2550 619 2595 philologos
647 2554 804 2593 veteres,
839 2552 904 2595 qui
945 2542 1055 2587 Cirin
1093 2554 1203 2588 Gallo
1241 2554 1468 2594 tribuerunt,
1500 2552 1649 2598 primus

158 2607 276 2642 fuisse
301 2608 452 2643 videtur
488 2609 726 2645 Fontaozim:
752 2610 898 2645 Histor.
926 2611 1041 2645 litter.
1068 2612 1324 2655 Aquileiensis
1345 2614 1502 2656 (Romae,
1530 2610 1645 2654 1742.)

158 2677 196 2710 p.
220 2666 278 2701 39.
305 2678 386 2711 sqq.
