1988 3159
818 158 1041 187 PRAEFATIO.
1661 158 1679 191 7

191 289 375 331 poeseos
397 275 609 317 Romanae
641 275 901 328 principem,
926 275 1135 316 artificem
1169 289 1392 318 summum
1419 277 1681 318 elocutionis

191 353 372 408 poeticae
421 352 605 394 Latinae.
644 351 755 393 Vere
796 351 886 392 iam
932 356 1106 405 tempus
1155 357 1232 396 est.
1287 358 1334 393 ut
1387 354 1679 396 maximorum

191 433 422 483 poetarum
457 428 613 470 Manes
646 442 670 469 a
701 428 782 469 tali
813 427 1092 470 vindicentur
1123 429 1286 470 iniuria
1331 429 1679 484 doctissimaeque

190 507 278 548 illae
310 505 535 548 Skutschii
567 505 743 558 ineptiae
776 503 1005 546 tradantur
1037 505 1148 546 bene
1180 506 1336 547 merito
1371 506 1546 548 derisui.

263 583 408 634 Quare
452 581 623 623 duobus
666 582 755 622 iam
803 581 963 622 abhinc
1007 583 1136 622 annis
1179 582 1465 624 recitaveram
1498 584 1545 624 in
1578 597 1679 624 con—

193 672 318 700 sessu
366 658 597 700 Societatis
640 658 975 711 Philologorum
1018 658 1416 712 Budapestinensis
1458 672 1678 701 commen-

189 735 494 783 tatiunculam,
530 748 624 788 quae
656 737 812 787 postea
843 735 891 775 in
925 733 1074 776 Museo
1103 733 1354 777 Rhemum
1385 735 1529 776 lucem
1556 736 1676 783 vidit,

188 811 264 853 ubi
291 812 338 852 in
369 811 452 852 hac
484 810 727 864 quaestione
761 810 928 851 difficili
975 825 1080 852 sane
1127 817 1254 865 atque
1301 812 1467 853 lubrica
1504 826 1677 861 novam,

191 889 361 941 opinor,
387 872 640 929 'monstravi
672 888 764 928 veri
789 887 1048 928 inveniendi
1069 889 1186 928 viam
1214 892 1524 942 auctoremque
1549 889 1679 930 huius

189 965 398 1006 carminis
446 965 676 1006 falsarium
724 963 860 1004 fuisse
910 977 1044 1016 eoque
1099 966 1324 1018 scripsisse
1379 967 1577 1015 consilio,
1632 970 1680 1007 ut

190 1043 330 1082 fetum
364 1054 492 1082 suum
531 1040 756 1081 misellum
799 1040 991 1094 Vergilio
1038 1045 1316 1095 supponeret,
1364 1043 1562 1096 pluribus
1609 1043 1678 1085 de-

194 1119 441 1158 monstrare
489 1117 680 1158 conabar
727 1118 1010 1170 argumentis.
1060 1118 1185 1159 Nunc
1234 1121 1395 1168 autem,
1440 1123 1487 1159 ut
1535 1123 1678 1161 omnis

188 1194 372 1236 tollatur
405 1194 633 1243 dubitatio,
669 1194 910 1235 editionem
944 1194 1207 1247 exegeticam
1244 1193 1359 1236 Ciris
1382 1195 1548 1248 publici
1570 1196 1677 1236 iuris

190 1268 341 1320 facio,²
371 1271 502 1321 unde,
536 1273 750 1324 quantum
784 1268 1010 1312 Skutsehz'zf
1046 1271 1225 1312 inventa
1267 1272 1455 1320 valeant,
1505 1272 1676 1313 lectori-

188 1347 269 1389 bus
317 1348 442 1388 nulla
489 1348 697 1401 opinione
744 1346 1027 1400 praeiudicata
1070 1347 1210 1388 ductis
1253 1348 1501 1388 luculenter
1546 1361 1676 1401 appa-

185 1423 310 1465 rebit.

259 1499 408 1542 Novus
443 1500 561 1541 enim
593 1501 676 1541 iste
708 1500 888 1553 Vergilii
921 1500 1150 1553 interpreS,
1179 1514 1281 1541 cum
1305 1502 1500 1542 carmina
1533 1501 1675 1543 Maro-

188 1577 258 1616 nis
276 1589 375 1617 cum
402 1573 495 1618 Circ'
518 1580 801 1629 compararet,
816 1570 1058 1617 'contentus
1083 1578 1176 1617 erat
1199 1590 1248 1617 ea
1271 1577 1468 1618 locorum
1490 1579 1676 1631 paralle-

186 1653 332 1694 lorum
354 1653 626 1701 collectione.
653 1666 785 1707 quam
811 1651 946 1709 Silliy
972 1656 1012 1694 et
1038 1651 1252 1696 Raehrens
1275 1654 1382 1696 olim
1409 1654 1675 1697 editionibus

186 1728 299 1770 Ciris
322 1729 623 1771 adiunxerant.
642 1729 734 1783 Ego
766 1732 914 1771 autem
936 1729 1029 1778 feci,
1055 1730 1170 1782 quod
1193 1728 1381 1772 Skutmfl‘e
1408 1731 1490 1772 sibi
1514 1732 1674 1773 facien-v

187 1805 293 1846 dum
323 1820 416 1847 non
447 1809 646 1859 putarat:
675 1806 848 1862 perlem
894 1804 1132 1861 Veranium
1158 1809 1308 1859 totque
1332 1808 1533 1860 congessi
1556 1807 1676 1849 locos

189 1882 240 1923 ab
287 1885 462 1924 auctore
510 1882 620 1924 Ciris
665 1882 881 1923 imitando
928 1894 1168 1934 expressos,
1204 1885 1263 1931 ut,
1300 1883 1375 1935 qui
1408 1884 1493 1924 huc
1537 1897 1675 1937 usque

186 1958 283 1999 noti
330 1962 455 1999 erant
499 1959 583 1999 loci
628 1958 743 1999 inter
786 1958 907 1999 Cirin
953 1960 993 1998 et
1040 1958 1280 2011 Vergilium
1313 1971 1584 2007 communes,
1618 1973 1674 2001 ne

186 2033 417 2075 dimidiam
449 2034 627 2088 quidem
659 2047 811 2075 eorum
837 2038 1008 2087 partem
1040 2033 1243 2075 efficiant.
1270 2034 1437 2088 Perlegi
1465 2039 1675 2089 praeterea

188 2114 356 2152 ceteros
401 2110 702 2152 Romanorum
733 2114 886 2164 poetas
925 2125 949 2152 a
981 2111 1185 2152 Lucretio
1231 2111 1491 2165 Catulloque
1536 2126 1673 2167 usque

185 2187 240 2227 ad
292 2187 526 2230 Manilium
581 2193 623 2229 et
676 2187 987 2229 Germanicum
1041 2187 1257 2229 Caesarem
1311 2201 1470 2242 eosque
1520 2202 1673 2230 omnes

256 2361 268 2381 ¹
300 2361 338 2396 V.
363 2361 608 2396 Rhemisclzes
636 2362 820 2404 Muscam,
847 2374 868 2396 a
897 2363 998 2398 1907.
1024 2375 1060 2408 p.
1086 2363 1177 2397 482:
1207 2364 1282 2397 Zur
1313 2363 1570 2408 Ciris-Fraye.

253 2420 268 2440 2
294 2420 487 2463 Quasdam
526 2433 570 2455 ex
607 2421 678 2455 hoc
723 2423 999 2457 commentario
1042 2423 1251 2467 particulas
1294 2422 1453 2457 recitavi
1495 2424 1533 2456 in
1577 2422 1672 2456 festo

185 2478 386 2514 Societatis
426 2480 716 2524 Philologorum
758 2481 1105 2526 Budapestinensis
1148 2493 1330 2516 consessu
1369 2492 1400 2515 a.
1439 2481 1474 2516 d.
1509 2481 1581 2515 ΠΙ,
1616 2481 1672 2514 Id.

180 2538 262 2573 Ian.
291 2549 323 2574 a.
349 2539 571 2575 MOMVHI.
598 2539 650 2573 Cf.
678 2541 1044 2574 commentationem
1075 2551 1201 2575 meam
1234 2539 1420 2584 Veryilz'us
1453 2540 1670 2574 dormitans

179 2595 221 2630 in
247 2598 490 2642 ephemeride
517 2599 688 2633 eiusdem
720 2598 944 2634 Societatis:
985 2599 1206 2644 Eyyetemes
1233 2598 1463 2643 Philoloqiai
1491 2597 1671 2642 Kezcc‘my,

177 2656 204 2688 t.
230 2655 390 2692 XXXII.
415 2669 451 2702 p.
481 2657 559 2692 169.
586 2669 666 2702 sqq.
