1988 3159
852 194 973 222 CIRIS.

279 312 411 361 Tum,
447 325 531 365 qua
565 325 610 352 se
643 311 838 352 medium
871 312 1026 365 capitis
1060 311 1296 352 discrimen
1330 311 1495 364 agebat„

289 388 398 430 Ecce
431 391 624 442 repente,
658 389 778 429 velut
809 388 975 441 patrios
1009 387 1209 429 imitatus
1242 389 1446 437 honores,

287 465 526 507 Puniceam
559 466 782 506 concussit
815 479 923 518 apex
954 466 1001 505 in
1034 465 1195 505 vertice
1229 463 1433 512 cristam;

289 543 346 583 At
375 542 524 583 mollis
558 542 702 582 varios
734 542 937 582 intexens
970 542 1121 594 pluma
1155 541 1321 582 colores

289 618 587 661 Marmoreum
619 619 788 660 volucri
821 619 996 659 vestivit
1027 619 1221 671 tegmine
1253 631 1411 671 corpus

287 695 516 749 Lentaque
548 699 781 750 perpetuas
814 695 1022 737 fuderunt
1048 696 1252 737 bracchia
1285 697 1458 749 pinnas.

289 771 411 814 Hinc
441 773 623 827 feminis·
655 775 802 825 partes
835 773 1062 826 minioque
1094 773 1257 814 infecta.
1290 773 1463 813 rubenti

279 848 428 890 ‘Crura
460 863 572 890 nova
606 850 768 890 macies
803 849 981 890 obduxit
1013 849 1213 902 squalida
1245 848 1358 902 pelle

289 925 346 967 Et
377 925 562 978 pedibus
594 927 758 966 teneris
792 939 962 979 ungues
996 925 1145 966 adfixit
1178 929 1340 967 acutos,

289 1003 346 1044 At
377 1006 525 1043 tamen
557 1003 639 1043 hoc
675 1003 851 1043 demum
883 1003 1052 1043 miserae
1087 1015 1336 1043 succurrere
1369 1006 1496 1056 pacto

288 1076 370 1118 Vix
403 1079 545 1120 fuerat
576 1078 750 1132 placida
781 1078 975 1132 Neptuni
1007 1079 1191 1131 coniuge
1225 1078 1420 1131 dignum.

289 1154 540 1208 Numquam
572 1155 696 1196 illam
727 1155 912 1208 posthac
946 1155 1061 1196 oculi
1093 1155 1238 1196 videre
1273 1168 1451 1195 suorum

289 1232 537 1286 Purpureas
570 1231 682 1273 flavo
716 1233 980 1273 retinentem
1013 1232 1170 1272 vertice
1204 1233 1347 1281 vittas,

289 1309 388 1350 Non
420 1310 644 1350 thalamus
678 1308 802 1362 Syrio
837 1311 1036 1362 fragrans
1069 1310 1235 1362 accepit
1269 1323 1455 1357 amomO,

290 1385 430 1426 Nullae
463 1387 587 1427 illam
622 1386 771 1428 sedes:
806 1386 910 1439 quid
944 1387 1064 1427 enim
1097 1400 1195 1426 curn
1229 1386 1405 1426 sedibus
1438 1386 1504 1425 illi
1519 1389 1537 1425 ζ)

291 1462 395 1513 Quae
431 1463 564 1504 simul
595 1471 643 1504 ut
676 1477 770 1504 sese
803 1477 911 1504 cano
946 1463 997 1504 cle
1031 1464 1200 1516 gurgite
1232 1464 1356 1504 velox

278 1538 400 1580 -Cum
433 1540 582 1580 sonitu
614 1540 667 1580 311
701 1540 854 1580 czelum
890 1540 1175 1580 stridentibus
1210 1539 1363 1580 extulit
1397 1540 1477 1579 alis

287 1615 344 1656 Et
375 1617 566 1657 multum
598 1617 686 1656 late
720 1615 925 1669 dispersit
957 1616 1003 1656 in
1036 1629 1211 1669 aequora
1243 1629 1399 1664 rorem,

287 1691 449 1733 Infelix
479 1693 600 1745 virgo
634 1693 903 1746 nequiquam
937 1707 957 1733 e
990 1699 1131 1733 morte
1165 1695 1339 1745 recepta

291 1769 517 1810 Incultum
549 1771 656 1811 solis
689 1770 735 1810 in
769 1771 951 1823 rupibus
986 1770 1118 1821 exigit
1149 1783 1302 1817 aevum,

292 1845 493 1899 Rupibus
528 1850 569 1887 et
602 1847 793 1899 scopulis
828 1850 869 1887 et
901 1846 1105 1887 litoribus
1140 1845 1337 1886 desertis.

292 1922 381 1963 Nec
398 1925 547 1963 tamen
565 1923 649 1963 hoc
666 1923 812 1975 ipsum
831 1936 962 1975 poena
980 1922 1095 1962 sine:
1120 1935 1310 1974 namque
1332 1921 1461 1961 deum
1486 1935 1570 1969 rex,

294 1999 457 2040 Omnia
489 1999 563 2052 qui
595 1999 780 2053 imperio
815 1999 1043 2040 stellarum
1075 1999 1200 2038 milia
1231 2000 1386 2042 versat,

284 2075 551 2117 *Commotus
584 2076 719 2116 talem
753 2076 806 2116 ad
839 2089 1020 2129 superos
1053 2076 1237 2117 volitare
1269 2075 1474 2128 puellam.

284 2151 405 2193 >Cum
436 2156 562 2206 pater
595 2153 810 2194 extinctus
843 2166 953 2193 caeca
988 2153 1066 2193 sub
1100 2154 1227 2193 nocte
1260 2153 1429 2201 lateret,

294 2229 367 2270 Illi
398 2243 477 2283 pro
509 2230 674 2283 pietate
709 2243 786 2270 sua
819 2232 939 2280 (113111
973 2244 1085 2283 saepe
1118 2230 1342 2270 nitentum

298 2305 522 2360 Sanguine
555 2309 784 2348 taurorum
818 2307 1001 2360 supplex
1033 2309 1300 2359 resperserat
1333 2319 1443 2353 aras,

287 2382 420 2436 :Saepe
453 2383 584 2425 deum
616 2384 738 2436 largo
772 2384 997 2424 decorarat
1029 2396 1212 2423 munere
1247 2382 1386 2428 sedes)

284 2459 503 2501 Reddidit-
536 2464 734 2514 optatam
767 2463 937 2502 mut-ato
971 2474 1152 2513 corpore
1184 2461 1322 2501 vitam

286 2536 502 2591 Fecitque
536 2537 582 2578 in
615 2538 743 2578 terris
776 2537 1005 2578 haliaeetos
1038 2538 1128 2577 ales
1160 2540 1209 2578 ut
1242 2540 1380 2577 esset:

289 2612 469 2666 Quippe
502 2614 662 2666 aquilis
696 2627 869 2667 semper
901 2613 1061 2665 gaudet
1093 2613 1200 2654 deus
1233 2613 1306 2653 ille
1341 2613 1547 2653 coruscis.

289 2688 414 2731 Huic
446 2702 548 2730 vero
582 2690 767 2739 miserae,
802 2689 1009 2742 quoniam
1043 2689 1252 2730 damnata
1285 2688 1465 2729 deorum

1616 193 1652 225 tl

1600 408 1656 430 500

1603 1174 1658 1197 510

1604 1940 1661 1963 520
