1988 3159
747 205 958 232 icxcrnscs
991 205 1045 231 xi.
1574 202 1640 235 137

389 322 466 355 Nec
491 321 664 361 fecunda,
692 319 792 354 senis
819 319 941 352 nostri
970 319 1095 352 felicia
1122 330 1224 360 rura,

390 379 545 413 Semina
570 378 789 424 parturiant
817 380 976 421 segetes,
1003 389 1078 411 non
1106 388 1248 421 pascua
1275 378 1402 418 eolles,

388 442 474 472 Non
501 438 657 472 arbusta
683 448 800 471 novas
827 437 967 480 fruges,
994 448 1068 469 non
1097 438 1304 481 pampinus
1331 447 1437 477 uvae,

389 497 488 542 Ipsae
514 508 590 531 non
618 497 721 530 silvae
748 496 913 536 frondes,
940 507 1015 529 non
1043 495 1204 529 flumina
1230 498 1391 529 montes,

151 591 249 640 Agri
278 594 402 641 igitur
429 595 558 642 poetae
587 592 791 629 veteranis
822 591 1018 638 assignati
1048 593 1086 628 et
1117 591 1165 627 ab
1196 603 1241 627 eo
1272 590 1405 627 devoti
1436 591 1502 627 sit-i
1523 591 1641 627 erant

150 663 195 699 in
225 661 396 709 sienim
424 663 671 701 Octavianus
700 665 836 700 autem
867 675 982 710 agros
1014 661 1169 699 Siculos
1198 663 1402 699 reteranis
1432 663 1640 709 assignan—

153 731 223 770 dos
252 733 406 772 curavit
435 736 526 783 post
555 747 733 782 pugnam
763 734 982 771 Actiacam.
1015 732 1075 771 Ad
1117 733 1223 769 hanc
1263 744 1349 770 rem
1394 734 1433 769 et
1474 732 1524 769 ad
1566 732 1643 768 hoc

152 807 313 853 tempus
342 805 550 853 pertinent
581 806 704 842 etiam
724 806 822 843 Hor.
856 804 936 842 Sat.
970 804 1020 841 II.
1054 806 1088 842 6.
1121 805 1301 841 55—56:

722 904 910 938 militibus
936 905 1128 948 promissa
1158 903 1363 948 Triquetra

388 965 535 998 Praedia
563 964 688 997 Caesar
714 975 762 997 an
790 965 846 996 est
872 964 972 997 Itala
998 964 1133 997 tellure
1163 964 1332 996 daturus.

150 1060 272 1097 Plura
310 1059 403 1097 vide
444 1057 552 1108 apud
598 1058 976 1096 Gamlleausenum.·
1019 1057 1221 1104 Augustus
1263 1057 1347 1094 und
1390 1056 1499 1094 seine
1541 1057 1642 1101 Zeit,

151 1133 247 1168 tom.
295 1131 326 1168 Ι.
369 1142 406 1178 p.
456 1129 544 1167 283.
595 1131 634 1166 et
680 1129 782 1171 401..
831 1127 938 1164 unde
988 1139 1102 1175 agros
1151 1126 1307 1164 Siculos
1337 1130 1430 1165 ante
1460 1139 1640 1175 pugnam

151 1202 358 1253 Actiacam
402 1207 492 1237 non·
529 1199 652 1236 fuisse
704 1200 907 1236 veteranis
950 1198 1186 1235 distributos
1229 1201 1406 1246 apparet.
1453 1197 1643 1236 Ceterum

152 1283 248 1309 mox
277 1271 326 1309 de
355 1272 432 1308 hac
462 1270 685 1320 quaestione
715 1270 917 1318 copiosius
959 1270 1172 1318 disputabo
1212 1270 1405 1318 peculiari
1437 1281 1641 1306 commen-

152 1344 308 1381 tatione
337 1342 589 1380 Academica.

400 1501 476 1536 XI.
501 1500 575 1535 Ad
603 1500 807 1535 Caesaris
835 1498 1111 1535 Germanici
1139 1498 1268 1535 Arai.
1292 1499 1394 1535 645.

224 1602 343 1651 Apud
372 1601 572 1640 Caesarem
603 1600 893 1638 Germanicum
924 1601 1032 1638 Arat.
1064 1613 1140 1638 vss.
1183 1601 1303 1639 644-
1317 1602 1403 1639 645.
1446 1600 1640 1649 legimus:

390 1700 568 1744 Scorpios
585 1700 782 1740 ⁷exoriens,
808 1711 893 1733 cum
922 1700 1047 1733 clarus
1074 1699 1214 1743 fugerit
1243 1711 1387 1741 amnes,

391 1758 566 1804 Scorpios
592 1759 734 1793 Oriona
759 1759 878 1803 fugat,
904 1761 1017 1803 pavet
1042 1759 1106 1792 ille
1135 1761 1370 1801 sequentem.

152 1844 295 1906 Inepte
324 1857 494 1894 iteratur
521 1868 577 1893 vs.
610 1855 698 1893 645.
731 1853 923 1903 Scorpios
951 1854 1189 1904 videturque
1221 1855 1298 1892 huc
1329 1866 1377 1891 ex
1405 1866 1522 1891 versu
1542 1867 1644 1903 prae-

153 1927 320 1965 cedente
349 1926 585 1975 irrepsisse3
615 1927 813 1974 praeterea
842 1937 933 1962 cum
962 1938 1017 1962 VS.
1049 1925 1137 1962 644.
1170 1938 1314 1962 ammes
1345 1924 1394 1962 ad
1436 1924 1644 1962 Oceanum

153 1999 356 2047 pertineat
386 1996 667 2044 desideretque
699 1995 943 2033 adiectivum
990 1995 1155 2044 aliquod
1197 1997 1266 2032 aut
1305 1997 1541 2043 genitivum,
1587 1998 1643 2040 ut,

155 2066 251 2117 quid
280 2067 357 2105 hoc
385 2069 474 2105 loco
505 2065 718 2114 significet,
748 2066 977 2103 luculenter
1005 2067 1211 2114 appareat,
1240 2067 1376 2102 locum
1412 2066 1470 2102 ita
1507 2077 1644 2103 emen-

154 2138 334 2176 dandum
373 2139 492 2186 puto:
547 2150 660 2175 «cum
708 2137 839 2174 clarus
886 2136 1034 2185 fugerit
1080 2147 1221 2173 amnes
1269 2134 1439 2180 Oceani,
1490 2135 1646 2173 Oriona

153 2209 286 2257 sugat»
320 2211 392 2247 etc.
424 2208 550 2246 Poeta
591 2210 697 2246 certe
729 2210 823 2245 ante
864 2209 1000 2245 oculos
1042 2206 1185 2244 habuit
1222 2206 1339 2253 Verg.
1385 2206 1528 2254 Georg.
1573 2206 1642 2244 IV.

154 2279 366 2317 233—234
381 2293 388 2317 :

390 2367 555 2411 Taygete
583 2366 700 2401 simul
726 2378 768 2401 os
793 2367 907 2401 terris
935 2367 1103 2400 ostendit
1129 2367 1336 2399 honestum

389 2425 492 2460 Plias
519 2427 556 2460 et
585 2425 726 2460 Oceani
751 2428 900 2471 spretos
928 2425 1023 2469 pede
1050 2424 1222 2470 reppulit
1249 2434 1390 2457 amnes.

155 2494 212 2559 Cf.
244 2518 341 2558 Caes.
374 2519 508 2558 Germ.
556 2520 662 2558 Arat.
707 2520 808 2559 589:
859 2519 982 2558 «Cum
1025 2520 1204 2569 primum
1249 2518 1451 2557 Cancrum
1500 2518 1647 2567 Tethys

156 2589 306 2627 emittit
333 2591 377 2628 in
407 2602 574 2635 auraan
604 2590 702 2628 ibid.
735 2591 835 2629 624:
871 2590 1041 2628 «Exsilit
1075 2591 1238 2629 Oceano
1269 2591 1365 2626 tunc
1406 2589 1491 2626 toto
1532 2588 1646 2626 crine

155 2660 354 2706 Bootes»;
384 2659 479 2698 ibid.
511 2661 612 2699 675:
648 2662 756 2699 «Iam
785 2663 890 2699 sicca
923 2661 1086 2700 Oceano
1117 2660 1272 2698 Chiron
1313 2660 1498 2708 pernicia
1527 2671 1646 2695 crura.

155 2729 367 2779 Expellit.»
