1988 3159
322 226 367 258 ⁶20
847 228 904 254 DE
934 227 1125 257 AUCTORE
1158 229 1281 257 CIRIS.

321 342 549 398 fabularis
575 356 712 396 usque
746 343 801 383 ad
832 344 1023 397 ineptias
1057 347 1185 398 atque
1219 344 1435 395 derisum3
1468 359 1572 386 nam
1600 348 1642 387 et
1668 360 1816 400 gram-

323 419 520 469 maticos,
571 419 684 472 quod
733 434 872 472 genus
927 421 1159 462 hominum
1212 421 1443 475 praecipue,
1491 425 1541 462 ut
1588 422 1813 473 djximus,¹

323 496 568 549 appetebat,
605 497 819 538 eiusmodi
858 499 945 538 fere
991 498 1311 551 quaestionibus
1356 499 1677 553 experiebatur:
1718 515 1817 554 quae·

322 576 462 613 mater
493 573 696 622 Hecubae,
733 573 848 626 quod
881 574 1042 614 Achilli
1075 588 1239 615 nomen
1270 576 1387 616 inter
1417 577 1611 630 virgines
1643 578 1818 628 fuisset,

323 649 427 703 quid
473 649 646 691 Sirenes
692 653 868 691 cantare
914 652 1003 692 sint
1046 652 1246 691 solitae?»
1295 651 1449 693 Fuisse
1499 655 1647 694 autem
1698 654 1819 695 inter

323 727 484 768 Tiberii
518 728 713 776 comites.
750 728 823 781 qui
856 728 943 768 tale
988 727 1092 780 quid
1138 729 1279 768 facere
1325 732 1520 780 possent,
1566 730 1817 771 luculenter

325 808 506 857 apparet
539 819 588 845 ex
619 804 726 845 Hor.
761 805 898 857 Epist.
933 804 965 845 Ι.
1003 805 1055 849 3.,
1096 806 1158 845 15.
1195 818 1300 858 sqq„
1335 805 1409 845 ubi
1449 806 1501 845 (le
1536 806 1821 847 Albinovano

325 880 468 931 Celso,
501 881 663 921 Tiberii
698 881 850 929 scriba,
887 882 978 921 haec
1012 881 1143 922 dicit:

515 997 615 1038 Quid
640 997 736 1030 mihi
766 998 897 1032 Celsus
925 998 1036 1042 agit?
1065 999 1235 1033 monitus
1262 999 1503 1042 multumque
1529 1000 1756 1040 monendus,

514 1056 688 1090 Privatae
716 1058 757 1090 ut
784 1059 927 1099 quaerat
953 1068 1045 1101 opes
1073 1059 1108 1091 et
1134 1059 1291 1101 tangere
1319 1057 1414 1091 vitet

515 1115 675 1160 Scripta,
702 1116 899 1149 Palatinus
927 1127 1174 1159 quaecumque
1202 1117 1345 1160 recepit
1370 1115 1520 1160 Apollo,

516 1175 581 1215 Ne,
609 1174 641 1207 si
668 1175 762 1208 forte
790 1185 880 1208 suas
906 1176 1112 1219 repetitum
1139 1175 1287 1208 venerit
1313 1175 1405 1208 olim

516 1233 615 1266 Grex
643 1234 771 1267 avium
798 1234 962 1277 plumas,
989 1237 1139 1268 moveat
1167 1234 1361 1267 cornicula
1386 1233 1509 1267 risum

513 1293 684 1327 Furtivis
710 1295 856 1328 nudata
881 1292 1100 1326 (τοΙΟΓῙΙηῙῈῙ2

326 1402 562 1451 Falsarius,
614 1401 728 1455 quod
776 1402 927 1447 voluit,
978 1401 1144 1442 effecit:
1192 1414 1368 1441 carmen
1413 1401 1532 1441 enim
1579 1401 1671 1441 eius
1716 1401 1818 1441 sine

327 1479 417 1520 ulla
463 1480 712 1533 suspicione
759 1478 952 1531 Vergilio
998 1478 1152 1519 tribuit
1183 1479 1278 1519 tota
1312 1477 1553 1530 antiquitas
1584 1479 1815 1530 poetaeque

327 1555 428 1597 inde
462 1570 485 1596 a
518 1556 698 1596 Lucano
744 1569 880 1609 usque
920 1555 973 1596 ad
1012 1554 1317 1604 Claudianum,
1353 1558 1401 1596 ut
1435 1569 1458 1596 a
1490 1554 1683 1607 Vergilio
1717 1568 1815 1608 pro-

329 1633 503 1681 fectum,
553 1633 851 1680 imitabantur,
903 1632 1019 1685 quod
1066 1633 1112 1672 in
1159 1633 1475 1673 commentario
1524 1634 1676 1673 nostro
1725 1632 1822 1672 suis

327 1710 439 1751 locis
471 1710 727 1758 luculenter,
765 1711 932 1762 opinor,
969 1709 1383 1750 demonstravimus.

402 1785 605 1827 Ceterum
653 1786 776 1835 Ciris,
810 1787 1139 1839 qualiscumque
1186 1793 1264 1835 est,
1298 1787 1427 1826 nobis
1477 1799 1649 1838 quoque
1693 1787 1819 1836 grata

330 1877 424 1905 esse
457 1866 603 1915 potest
637 1877 732 1904 eam
766 1864 818 1903 ob
852 1877 1042 1912 causam,
1079 1863 1193 1916 quod
1227 1866 1383 1915 praeter
1416 1862 1601 1915 Nuptias
1633 1861 1752 1902 Pelei
1776 1864 1820 1902 et

403 2029 414 2048 ¹
443 2028 496 2062 Cf.
531 2028 685 2062 Sueton.
718 2029 784 2061 vit.
818 2028 940 2061 Tiber.
979 2039 1007 2061 c.
1048 2027 1110 2061 726:
1161 2026 1310 2060 «Nihilo
1345 2026 1466 2060 lenior
1505 2025 1544 2059 in
1583 2024 1826 2059 convictores

332 2087 536 2127 Graeculos,
564 2086 700 2129 quibus
728 2087 787 2120 vel
813 2087 978 2120 maxime
1010 2086 1279 2130 adquiescebat
1299 2112 1306 2119 .
1327 2111 1335 2119 .
1355 2112 1362 2119 .
1395 2097 1481 2131 cum
1509 2084 1646 2118 soleret
1673 2094 1717 2117 ex
1742 2083 1818 2118 lec·

330 2145 434 2179 tione
465 2145 659 2179 cotidiana
685 2145 935 2188 quaestionem
960 2157 1075 2190 super
1101 2157 1235 2179 cenam
1262 2156 1477 2189 proponere
1505 2146 1541 2179 et
1567 2143 1821 2187 comperisset

332 2205 533 2239 Seleucum
560 2204 856 2248 grammaticum
885 2216 905 2237 a
931 2203 1121 2237 ministris
1163 2204 1241 2237 suis
1276 2203 1510 2248 perquirere,
1537 2212 1632 2245 quos
1671 2211 1823 2244 quoque

330 2267 503 2308 tempore
541 2265 723 2297 tractaret
761 2265 946 2303 auctores,
975 2265 1086 2306 atque
1113 2263 1167 2297 ita
1192 2265 1453 2307 praeparatum
1483 2261 1624 2301 venire,
1649 2260 1823 2304 primum

332 2335 353 2357 a·
381 2322 626 2356 contubernio
653 2322 827 2363 removit,
854 2321 990 2356 deinde
1017 2322 1133 2356 etiam
1161 2321 1209 2355 ad
1235 2323 1399 2355 mortem
1426 2319 1648 2364 compulit».

404 2381 417 2401 2
443 2380 495 2415 Cf.
524 2381 570 2415 ad
597 2380 699 2413 hunc
726 2380 853 2414 locum
880 2379 1103 2423 Kiesslznyii
1129 2379 1435 2413 adnotationem:
1463 2378 1561 2412 «Der
1585 2378 1679 2411 Hor.
1699 2377 1824 2420 Epist.

330 2441 362 2474 Ι.
389 2440 423 2474 S.
450 2440 650 2474 als‘comes
677 2440 756 2473 und
780 2439 908 2473 scriba
934 2439 998 2473 des
1025 2439 1199 2473 Tiberius
1232 2440 1424 2483 genannte
1450 2437 1714 2471 Albinovanus
1741 2435 1826 2469 Gel-

334 2511 398 2533 sus
424 2500 492 2533 hat
520 2499 600 2533 sich
625 2499 722 2532 auch
749 2500 789 2533 in
814 2499 959 2532 Vei-sen
999 2498 1190 2540 versucht,
1216 2498 1357 2531 welche
1398 2497 1487 2531 aber
1525 2496 1564 2529 in
1602 2495 1714 2529 ihren
1745 2494 1819 2527 An-

332 2559 498 2602 kliingen
526 2568 573 2592 an
599 2558 824 2592 lateinische
859 2558 1018 2591 Dichter
1044 2557 1103 2591 die
1131 2556 1378 2601 Originalitet
1404 2556 1443 2589 in
1471 2554 1672 2589 tihnlicher
1696 2552 1823 2587 Weise

332 2617 544 2652 ver-missen
571 2617 698 2651 lassen
725 2617 915 2658 mochten‚
932 2618 1002 2651 wie
1022 2617 1089 2651 das
1113 2618 1173 2652 bei
1196 2617 1284 2651 dem
1310 2616 1510 2651 Verfasser
1537 2615 1604 2648 der
1631 2612 1729 2646 Giris
1755 2612 1827 2646 der

333 2677 417 2710 Fau
453 2677 515 2718 ist,
554 2677 627 2710 den
665 2688 755 2710 man
793 2688 923 2721 wegen
962 2677 1088 2711 seiner
1126 2677 1315 2710 Anleihen
1349 2675 1410 2709 bei
1444 2672 1570 2708 Oatull
1594 2672 1674 2706 und
1698 2670 1827 2715 virgil

335 2737 417 2770 sich
443 2735 624 2770 versucht
650 2736 782 2770 fiihlen
810 2736 952 2769 konnte
979 2737 1049 2769 mit
1078 2735 1211 2769 Celsus
1239 2746 1284 2768 zu
1311 2732 1605 2768 identifiziren».
