1988 3159
327 194 370 231 18
851 199 906 227 DE
936 200 1126 228 AUCTORE
1157 201 1279 231 CIRIS.

327 329 447 365 vans,
501 316 725 357 iniserdum
777 315 961 358 Calvum
1013 330 1184 371 quoque
1233 321 1275 359 et
1322 317 1511 360 Cinnam
1559 322 1812 375 respiciens.

327 392 497 434 Memor
530 392 717 447 denique
752 393 900 446 elegiae
933 394 980 434 in
1013 393 1267 435 Messallam
1302 395 1652 448 triumphantem
1685 398 1815 440 Cata-

327 469 457 522 leptis
490 469 678 517 insertae,
714 483 845 523 quam
878 469 1179 523 Vergilianam
1225 485 1320 512 esse
1353 474 1595 524 putaverat,
1632 471 1753 514 Cirin
1786 487 1812 515 a.

326 544 519 599 Vergilio
551 547 654 587 huic
685 546 904 587 Messallae
938 546 1182 587 dedicatam
1214 547 1349 588 finxit.

397 621 491 672 Sed,
528 637 627 664 cum
661 624 816 664 simius
850 623 932 664 iste
964 624 1259 676 peritissimus
1306 627 1421 665 esset
1453 627 1589 667 totius
1629 641 1814 680 poeseos

329 714 470 741 aureae
504 701 643 741 aetatis
677 713 819 753 neque
853 700 1092 753 quidquam
1126 701 1253 740 furtis
1285 701 1574 752 Lucoefianis,
1604 702 1815 745 Catullia-

326 778 396 818 nis
430 781 471 818 et
502 777 768 829 Vergilianis
802 776 853 817 de
887 790 966 817 suo
1001 775 1159 817 addere
1191 779 1353 829 posset,
1391 778 1506 830 quod
1539 783 1653 820 certe
1675 781 1814 822 vit-are

324 854 556 902 maluerat,
605 854 707 894 fecit
754 852 1036 906 imprudens:
1088 854 1301 905 expressit
1353 855 1471 895 enim
1519 869 1611 896 non
1658 860 1815 909 sponte

324 929 538 971 imitando
584 943 675 970 non
721 930 864 970 solum
899 930 1154 970 Ciceronem
1197 932 1374 982 poetam
1409 934 1449 972 et-
1480 932 1811 985 philosophum,

326 1019 415 1047 non
449 1008 591 1047 solum
625 1006 873 1055 Horatium,
909 1007 1144 1056 Tibullum,
1180 1006 1465 1059 Lygdamum,
1494 1008 1814 1062 Panegyricum

325 1085 374 1125 in
406 1083 696 1132 Messallam‚¹
728 1084 1006 1136 Propertium
1053 1082 1344 1136 Ovidiumque
1377 1086 1534 1134 totum,
1571 1084 1647 1125 sed
1681 1086 1813 1126 etiam

324 1160 499 1202 Manilii
531 1161 836 1203 Astronomica
871 1163 913 1201 eb
945 1159 1128 1200 Caesaris
1169 1159 1421 1201 Germanici
1458 1161 1631 1204 Aratea.
1666 1161 1813 1214 itaque

323 1251 424 1279 cum
468 1251 578 1291 opus
624 1236 875 1279 Germanici
923 1241 1023 1290 post
1067 1236 1253 1289 Augusti
1295 1240 1484 1277 mortem
1527 1237 1642 1278 inter
1673 1251 1814 1279 annos

327 1315 393 1357 14.
422 1319 463 1356 et
491 1318 554 1357 19.
586 1326 640 1367 (hp.
671 1314 768 1355 Chr.
799 1315 857 1364 n.)
892 1315 1103 1367 scriptum
1127 1313 1388 1367 Tiberioque
1415 1314 1671 1367 imperatori
1695 1314 1813 1355 dedi-

323 1394 468 1432 catum
513 1392 580 1440 sit,
632 1392 836 1432 falsarius
883 1391 1078 1444 alioquin
1124 1391 1454 1431 versutissimus
1498 1392 1638 1432 fetum
1684 1405 1814 1432 suum

323 1481 415 1509 non
463 1471 563 1509 ante
611 1468 771 1508 Tiberii
819 1467 1053 1520 imperium
1098 1470 1250 1508 natum
1298 1481 1391 1508 esse
1439 1468 1518 1507 hac
1563 1481 1733 1521 quoque
1766 1481 1812 1508 re

323 1547 490 1587 invit-us
523 1545 678 1597 arguit.

393 1624 558 1664 Ansam
593 1622 742 1674 epyllii
777 1620 827 1661 de
862 1619 1018 1673 Scylla,
1055 1620 1147 1660 Nisi
1180 1620 1282 1665 filia,
1320 1619 1538 1661 scribendi
1563 1619 1682 1661 dedit
1704 1620 1811 1662 Ver-

322 1700 454 1753 gilius
487 1701 579 1753 ipse
615 1698 767 1750 Georg.
803 1698 835 1738 1.
870 1696 1140 1747 404—-409,'-‘
1181 1697 1256 1737 ubi
1302 1697 1527 1738 Parthenii
1573 1697 1810 1739 Metamor-

321 1775 512 1841 phosesf
543 1776 759 1817 imitando
794 1775 1027 1827 expressit:

554 1869 724 1913 Apparet
751 1868 897 1912 liquido
925 1867 1101 1901 sublimis
1128 1867 1167 1900 in
1195 1877 1280 1900 aere
1307 1867 1423 1900 Nisus

555 1929 603 1962 Et
629 1938 698 1972 pro
725 1938 919 1972 purpureo
945 1937 1079 1971 poenas
1107 1926 1171 1960 dat
1199 1926 1326 1970 Scylla
1351 1926 1513 1970 capillo:

556 1987 805 2030 Quacumque
831 1987 898 2020 illa
924 1986 1046 2020 levem
1073 1985 1226 2029 fugiens
1254 1986 1355 2018 secat
1382 1985 1525 2018 aethera
1551 1985 1692 2029 pinnis,

555 2047 650 2079 Ecce
678 2045 873 2086 inimicus,
900 2047 1018 2084 atrox,
1045 2054 1185 2088 magno
1213 2043 1376 2077 stridore
1403 2054 1471 2094 per·
1497 2054 1610 2077 auras

554 2104 779 2146 Insequitur
806 2104 942 2143 Nisus;
971 2114 1045 2146 qua
1066 2114 1104 2136 se
1132 2104 1203 2136 sert
1229 2102 1346 2136 Nisus
1374 2102 1422 2136 ad
1449 2113 1573 2142 auras,

556 2164 629 2197 Illa
655 2163 777 2197 levem
804 2162 953 2205 fugiens
981 2161 1123 2206 raptim
1150 2162 1252 2195 secat
1279 2160 1421 2194 &thera
1446 2160 1603 2204 pinnis.¹

355 2322 360 2326 .
392 2287 403 2307 ²
429 2287 513 2321 Hoc
543 2297 697 2320 carmen
731 2285 1111 2330 pseudepigraphum
1141 2285 1340 2329 Propertio
1374 2283 1658 2318 adulescentulo
1690 2283 1811 2316 vindi-

319 2346 403 2381 vaoi
420 2345 460 2380 in
479 2346 643 2380 editione
672 2344 861 2389 Lyydami
888 2343 1119 2387 <sumptibus
1151 2343 1266 2376 Acad.
1283 2342 1374 2376 Litt.
1395 2342 1527 2386 Hung.
1545 2341 1810 2386 Budapestini‚

320 2404 514 2448 MCMVI.)
543 2417 577 2449 p.
605 2405 661 2437 88.
689 2415 767 2447 sqq.

391 2463 405 2484 ²
428 2464 574 2498 Eodem
612 2463 725 2497 modo
764 2473 898 2497 ansam
933 2460 1074 2496 Culicis
1102 2459 1294 2494 scribendi
1320 2459 1425 2493 dedit
1451 2458 1644 2504 Vergilius
1672 2458 1810 2502 Georg.

319 2523 394 2559 111.
418 2523 618 2557 ‹wo—424.
645 2525 680 2556 et
707 2522 844 2556 Mor-eti
871 2520 1125 2565 componendi
1151 2521 1229 2554 Ecl.
1257 2520 1289 2561 2,
1320 2519 1466 2552 10-11.

389 2582 404 2602 ³
430 2582 483 2616 Cf.
508 2582 685 2616 Eustath.
722 2583 757 2615 et
798 2581 915 2615 schol.
953 2580 999 2614 ad
1036 2580 1193 2624 Dionys.
1233 2579 1378 2623 Perieg.
1416 2578 1496 2611 4-20.
1524 2578 1560 2611 et
1585 2575 1809 2620 paraphras.

313 2637 558 2685 Ὀρνιθιακῶν
595 2640 772 2684 Dionysii
809 2640 860 2674 Π.
893 2639 944 2673 14.
984 2640 1035 2684 (p.
1067 2639 1142 2673 119.
1170 2639 1226 2673 ed.
1255 2639 1434 2673 Duebner
1471 2637 1510 2670 in
1549 2637 1657 2680 parte
1687 2633 1809 2668 altera

321 2698 424 2733 Poet.
450 2698 571 2734 bucol.
599 2701 634 2733 et
662 2699 815 2742 didact.)
