1988 3159
310 180 353 214 10
944 181 1167 208 PRAEFATIO.

311 298 672 340 adnotationibus
721 298 952 350 exegeticis
998 297 1257 338 instructam
1305 297 1423 338 brevi
1467 297 1555 337 iam
1597 300 1792 350 tempore

310 376 531 417 absolvere
563 378 731 428 potero.
765 376 877 416 Nam
912 373 1129 427 epodum1
1162 373 1402 426 Cataleptis
1434 374 1614 427 Vergilii
1657 375 1792 415 inser-

308 456 403 492 tum
435 452 550 493 inter
595 452 990 494 commentationes
1035 450 1277 491 Academiae
1325 449 1545 490 edideram
1588 449 1793 492 Horatio-

312 543 392 582 que
424 526 777 569 vindicaveram⁵3
808 529 896 568 iam
931 541 1046 568 anno
1080 528 1312 580 praeterito,
1357 528 1439 568 hoc
1485 530 1633 569 autem
1678 531 1795 568 anno

310 605 426 646 edidi
459 605 622 646 ibidem
661 604 846 657 elegiam
877 605 925 644 in
957 601 1241 644 Messallam3
1274 602 1427 644 Ovidio
1473 587 1609 655 puero
1654 603 1796 644 vindi-

310 679 481 723 catam4
523 682 762 734 paucisque
810 683 910 732 post
957 680 1183 720 mensibus
1232 679 1364 719 etiam
1411 683 1556 720 cetera-
1598 679 1794 733 Catalep-

310 764 457 799 torum
491 759 699 801 carmina,
737 771 830 810 quae
863 756 1057 808 Vergilio
1090 757 1185 796 iure
1219 755 1488 804 tribuuntur,
1534 769 1622 796 uno
1671 756 1796 796 fasci-

311 835 409 875 culo
463 834 781 886 comprehensa
833 834 879 873 in
927 832 1071 873 lucem
1118 831 1347 885 proditura
1395 845 1548 885 spero3
1599 830 1794 874 Culicem

312 913 459 952 autem
489 910 957 962 Pseudovergilianum
989 922 1078 949 una
1110 922 1210 949 cum
1244 907 1362 961 Copa
1390 910 1432 949 et
1451 908 1620 950 Moreto
1646 909 1796 950 eadem

315 988 549 1030 Academia
580 987 778 1040 proximo
813 999 930 1026 anno
962 985 1127 1037 publici
1160 986 1268 1025 iuris
1312 983 1480 1026 faciet-‘²
1522 985 1676 1026 Restat
1717 985 1796 1038 igi-

314 1070 396 1107 tur.
430 1070 478 1105 ut
510 1077 610 1104 cum
642 1064 724 1104 toti
756 1062 1001 1104 Academiae
1034 1062 1310 1114 Hungaricae‚
1345 1064 1440 1102 tum
1473 1061 1669 1115 Collegio
1705 1062 1798 1103 eius

313 1143 584 1194 Philologico
618 1141 781 1193 gratias
815 1153 941 1193 agam
975 1153 1106 1192 quam
1138 1139 1365 1185 maximas,
1398 1142 1610 1191 praeterea
1652 1141 1798 1179 autem

312 1220 404 1259 viro
439 1219 505 1259 illi
538 1217 794 1259 clarissimo.
844 1216 914 1268 qui
961 1215 1142 1255 Festum
1186 1214 1459 1267 Paulumque
1504 1214 1632 1256 nobis
1673 1214 1798 1255 fami-

310 1297 441 1336 liares
495 1295 597 1335 feeit
649 1294 978 1345 Homerumque
1032 1291 1177 1332 docuit
1231 1292 1352 1344 loqui
1403 1292 1668 1345 Hungaflce,
1725 1291 1798 1345 qui

315 1371 509 1424 Collegio
555 1371 620 1423 illi
669 1383 840 1410 summa
885 1382 985 1410 cum
1029 1368 1158 1409 laude
1195 1368 1399 1422 praesidet
1431 1368 1798 1409 munificentiam-

317 1463 399 1502 que
427 1448 669 1489 Academiae
693 1447 739 1487 in
764 1446 909 1487 studia
932 1446 1207 1498 antiquitatis
1235 1445 1397 1497 dirigit,
1421 1446 1610 1486 Aemilio
1641 1444 1797 1487 Tllew-

315 1525 431 1568 m'wk
463 1525 515 1567 (Ῐο
547 1524 711 1566 Pomm.

382 1603 532 1643 Liceat
566 1616 666 1655 ergo
700 1601 810 1642 mihi
844 1600 913 1648 Te,
949 1599 1122 1651 Optime
1156 1598 1380 1652 Magister,
1409 1600 1651 1640 iuventutis
1694 1599 1799 1640 olim

312 1694 419 1721 meae
453 1680 656 1720 columen
690 1681 818 1731 atque
850 1675 1118 1730 praesidium,
1143 1676 1227 1716 hoc
1259 1675 1355 1716 loco
1388 1676 1501 1728 grati
1537 1675 1675 1716 animi
1707 1687 1800 1715 ver-

312 1757 378 1797 bis
413 1755 591 1809 alloqui,
626 1767 891 1807 quamquam
923 1753 1048 1794 nullo
1080 1753 1212 1795 modo
1245 1751 1339 1792 fieri
1370 1755 1528 1805 potest,

547 1849 607 1889 Ut,
636 1850 822 1891 quantum
849 1847 946 1880 mihi
971 1848 1020 1881 Te
1048 1846 1203 1881 sinuoso
1229 1847 1269 1879 in
1296 1847 1447 1890 pectore
1473 1844 1550 1886 fixi,

547 1907 646 1941 Voce
672 1907 825 1940 traham
852 1917 949 1950 pura
973 1908 1172 1949 totumque
1199 1906 1270 1939 hoc
1297 1905 1412 1938 verba
1436 1905 1645 1948 resignent,

547 1966 653 2007 Quod
681 1964 772 1999 latet
799 1977 938 2000 arcana
964 1977 1040 1999 non
1068 1964 1281 1999 enarrabile
1308 1963 1414 1997 fibra.

311 2055 395 2097 Sed
427 2060 555 2105 certe,
589 2055 947 2108 quotiescumque
981 2055 1128 2096 dulces
1162 2054 1469 2095 adulescentiae
1493 2066 1634 2094 annos
1656 2065 1796 2094 recor-

311 2133 400 2178 dor,
435 2133 499 2173 Tu
532 2133 775 2173 obversaris
810 2132 969 2175 animo,
1006 2132 1081 2184 qui
1112 2132 1280 2184 primus
1313 2131 1539 2171 incussisti

382 2267 392 2284 ¹
419 2267 448 2300 I.
478 2278 509 2302 e.
535 2266 757 2310 Catalepton
786 2266 892 2300 XIII.

381 2326 394 2346 2
421 2325 472 2360 Cf.
499 2325 556 2359 De
580 2326 696 2369 epodo
736 2325 890 2359 Horatii
925 2324 1130 2369 Cataleplis
1162 2324 1318 2368 Veryilii
1343 2325 1498 2364 inserto,
1533 2322 1797 2367 Budapestini,

311 2384 528 2429 sumptibus
555 2383 769 2417 Academiae
795 2384 1031 2417 Litterarum
1057 2382 1300 2426 Hungaricae‚
1327 2382 1546 2416 MOMVIH.

383 2444 396 2463 3
420 2444 449 2477 I.
478 2456 509 2477 e.
536 2443 760 2487 Catalepton
787 2443 854 2476 IX.

381 2502 393 2523 4
420 2502 473 2537 Cf.
499 2502 555 2536 De
576 2501 706 2535 ovidio
733 2502 861 2545 eleyiae
881 2503 919 2535 ιή
937 2501 1151 2535 Messallam
1181 2505 1345 2540 auctore,
1373 2499 1639 2543 Budapestini,
1668 2509 1796 2542 sump-

309 2562 412 2595 tibus
438 2561 652 2595 Academiae
678 2561 914 2595 Litterarum
941 2560 1184 2604 Hungaricae.
1211 2559 1390 2593 MCMIX.

381 2620 395 2641 5
419 2621 548 2655 Etiam
574 2619 690 2654 Diras
718 2624 752 2653 et
782 2620 939 2663 Lydiam
968 2619 1280 2653 adnotationibus
1318 2619 1527 2651 instructas
1567 2616 1667 2650 inter
1696 2626 1796 2650 eom·

309 2680 564 2714 mentationes
589 2678 803 2712 Academia>
830 2679 938 2712 edere
965 2678 1062 2711 mihi
1087 2677 1127 2710 in
1154 2677 1282 2710 animo
1309 2678 1377 2710 est.
