1988 3159
875 202 997 230 CIRIS.
1637 191 1687 224 *29

314 328 496 369 Reicere
532 326 574 365 et
606 322 877 364 indomitum
908 320 1071 359 virtute
1103 315 1336 357 retundere
1367 314 1568 361 Martem,

313 405 595 457 Responsum
629 398 839 452 quoniam
874 396 982 436 satis
1017 397 1081 434 est
1113 392 1370 433 meminisse
1404 390 1600 430 deorum.

317 482 429 523 Nam
461 478 602 531 capite
634 476 680 517 in
717 486 889 514 summo
923 472 1039 523 regis
1073 469 1287 520 (mirabile
1321 467 1455 517 dictu)
1637 483 1698 506 111)

319 556 518 600 Candida
549 554 749 595 caesaries
781 550 970 606 florebat
1003 553 1203 600 tempora
1236 546 1420 593 simum,

319 635 375 675 At
408 645 561 673 roseus
594 629 741 671 medio
777 627 981 679 surgebat
1013 624 1172 666 vertice
1207 622 1364 663 crinis:

319 710 460 752 Cuius
494 721 626 768 quam
661 707 832 746 servata
865 704 943 744 diu
974 705 1135 743 natura
1167 700 1335 746 fuisset,

323 788 429 828 Tam
463 784 652 838 patriam
684 782 954 822 incolumem
986 779 1081 820 Nisi
1115 788 1387 830 regnumque
1422 775 1616 814 futurum

325 861 578 905 Concordes
612 860 759 901 stabili
792 859 1051 914 formarunt
1087 855 1262 897 nemim?
1293 853 1453 893 Paroae.
1646 866 1705 889 1⁵35-

325 942 442 993 Ergo
477 939 621 980 omnis
655 950 754 977 caro
788 934 1008 976 residebat
1041 946 1144 973 cura
1176 930 1347 984 capillo,

329 1019 479 1059 Aurea
512 1014 717 1057 sollemni
751 1015 978 1065 comptum
1012 1024 1142 1064 quem
1173 1008 1309 1049 fibula
1341 1007 1429 1047 ritu

331 1093 549 1146 Cecropiae
582 1091 711 1132 tereti
744 1089 946 1130 nectebat
979 1088 1108 1128 dente
1141 1085 1311 1125 cicadae.

393 1172 482 1212 Nec
514 1183 618 1210 vero
652 1169 744 1208 haec
776 1166 898 1207 urbis
931 1163 1131 1205 custodia
1162 1175 1275 1203 vana
1309 1160 1465 1201 fuisset

336 1249 425 1289 Nec
456 1250 616 1293 ruerat,
652 1245 699 1285 ni
733 1243 877 1297 Scylla
909 1255 1023 1282 novo
1058 1241 1258 1292 correpta
1290 1238 1449 1284 furore,
1652 1251 1713 1274 1210

337 1324 496 1379 Scylla,
521 1322 661 1376 patris
684 1320 834 1361 miseri
858 1318 1095 1372 patriaeque
1118 1317 1299 1356 inventa
1324 1312 1616 1366 sepulchrum,

340 1402 374 1444 O
407 1401 597 1442 nimium
631 1397 800 1450 cupidis
833 1394 986 1435 Minoa
1017 1393 1235 1433 inhiasset
1268 1390 1430 1430 ocellis.

341 1477 425 1519 Sed
457 1477 601 1517 malus
635 1474 709 1514 ille
741 1487 862 1526 puer,
899 1485 1029 1524 quem
1061 1482 1141 1510 nec
1175 1482 1253 1509 sua
1285 1466 1459 1507 flectere
1492 1466 1632 1504 mater

340 1555 508 1596 Iratum
541 1552 698 1606 potuit,
736 1562 863 1603 quem
900 1563 980 1590 nec
1012 1551 1137 1601 pater
1170 1549 1298 1598 atque
1334 1555 1438 1584 avus
1472 1541 1587 1582 idem

343 1631 542 1685 Iuppiter
575 1630 666 1681 (ille
701 1629 834 1669 etiam
867 1627 1026 1667 Poenos
1060 1623 1275 1664 domitare
1307 1621 1461 1661 leones
1657 1633 1717 1656 135

341 1709 396 1750 Et
428 1706 597 1749 validas
629 1705 753 1746 novit
785 1703 900 1743 vires
932 1712 1238 1742 mansuescere
1272 1696 1412 1749 tigris,

341 1786 423 1827 Ille
449 1785 582 1825 etiam
606 1783 741 1829 divos,
767 1779 970 1820 homines
988 1801 1045 1805 —
1065 1776 1139 1817 sed
1163 1775 1306 1815 dicere
1328 1783 1540 1824 magnum
1564 1770 1659 1817 est).

345 1862 469 1903 Idem
500 1864 596 1902 tum
628 1860 776 1899 tristes
810 1855 992 1896 acuebat
1025 1853 1233 1906 parvulus
1265 1851 1355 1890 iras

345 1938 532 1992 Iunonis
564 1949 748 1989 magnae,
783 1934 906 1973 cuius
939 1933 1028 1972 fera
1063 1930 1208 1981 iurgia
1240 1927 1348 1968 divae

350 2017 467 2058 Olim
499 2015 606 2067 ipsae
638 2015 832 2053 metuere
865 2013 905 2051 et
939 2009 1011 2050 vui
1043 2007 1239 2061 peritura
1270 2003 1419 2058 puella
1664 2017 1726 2040 ιω

347 2094 470 2135 Nulli
502 2105 595 2133 non
628 2093 828 2132 sanctam
861 2087 1103 2129 violaverat
1135 2083 1276 2124 inscia
1310 2080 1470 2126 sedem,

351 2171 467 2212 Dum
495 2169 629 2211 sacris
664 2168 842 2220 operata
875 2165 964 2205 deae
998 2161 1171 2204 lascivit
1205 2162 1246 2201 et
1279 2160 1398 2199 extra

351 2246 554 2289 Procedit
587 2247 717 2298 longe
749 2245 941 2284 matrum
973 2240 1272 2288 comitumque
1306 2237 1537 2281 catervam,

353 2323 626 2377 Suspensam
658 2321 855 2373 gaudens
887 2319 935 2359 in
967 2329 1149 2369 corpore
1182 2313 1332 2354 ludere
1364 2312 1531 2352 vestem

351 2402 407 2443 Et
439 2399 635 2442 tumidos
669 2398 865 2451 agitante
899 2396 1023 2435 sinus
1055 2391 1263 2445 aquilone
1298 2388 1511 2429 relaxans.
1672 2400 1730 2424 145

353 2478 551 2520 Necdum
585 2476 719 2518 etiam
750 2477 894 2516 castos
927 2471 1179 2526 gustaverat
1210 2467 1326 2520 ignis
1360 2466 1562 2510 honores,

356 2556 552 2598 Necdum
587 2552 792 2596 sollemni
825 2550 1008 2605 lympha
1039 2547 1218 2601 perfusa
1251 2541 1451 2585 sacerdos

357 2632 572 2675 Pallentis
599 2631 734 2680 foliis
757 2631 889 2682 caput-
922 2625 1154 2667 exornarat
1186 2623 1335 2664 olivae:

359 2709 470 2752 Cum
492 2710 620 2764 lapsa
642 2721 664 2748 6
686 2705 893 2747 manibus
917 2703 1028 2756 fugit
1049 2701 1152 2755 pila,
1177 2712 1348 2753 quoque
1373 2709 1425 2738 ea
1445 2696 1569 2747 lapsa
1592 2692 1674 2739 est,
