1988 3159
481 799 596 851 DE
635 797 1020 853 AUCTORE
1060 797 1304 851 CIRIS.

224 1035 316 1086 Quo
351 1036 550 1087 tempore
584 1034 779 1086 epyllion
820 1034 936 1075 (liris
981 1034 1193 1085 seriptum
1240 1033 1307 1080 sit,
1355 1046 1404 1073 eo
1450 1033 1638 1072 maxime

152 1112 303 1160 elucet,
341 1111 457 1164 quod
491 1114 644 1151 auctor
676 1111 825 1151 omnia
859 1112 946 1151 fere
982 1109 1318 1163 Cataleptorum
1363 1109 1637 1161 Vergiliano-

151 1201 248 1228 rum
295 1187 490 1228 earmina
539 1189 581 1228 et
628 1188 821 1229 Culicem
871 1186 1349 1238 Pseudwergilfflnum,
1393 1188 1442 1227 ut
1483 1186 1635 1239 quavis

152 1277 277 1317 paene
310 1266 471 1317 pagina
504 1265 811 1305 commentarii
844 1265 929 1304 mei
964 1264 1182 1311 docemur,
1213 1264 1414 1304 consulto
1438 1264 1638 1304 imitatus

154 1344 232 1382 est.
269 1341 474 1395 Sequitur
507 1345 667 1385 autem,
701 1344 752 1381 ut
790 1342 1050 1394 Vergiliana.
1099 1355 1172 1381 eas
1217 1355 1388 1394 quoque
1435 1342 1638 1393 Catalep-

152 1421 298 1458 torum
330 1421 489 1471 partes,
526 1432 632 1471 quas
666 1418 858 1470 Vergilio
894 1418 1025 1458 tribui
1059 1431 1150 1458 non
1182 1431 1311 1470 posse
1346 1418 1461 1457 inter
1484 1430 1638 1458 omnes

151 1496 336 1542 constat,
370 1495 588 1547 praeeipue
624 1494 809 1547 elegiam
842 1495 888 1535 in
921 1493 1212 1535 Messallam.¹

223 1569 419 1623 Scriptor
450 1571 585 1623 igitur
618 1574 718 1611 ante
753 1572 903 1612 oculos
937 1571 1091 1612 habuit
1125 1585 1238 1620 eum,
1275 1585 1403 1624 quem
1426 1584 1508 1612 nos
1534 1584 1637 1624 quo-

153 1661 234 1701 que
268 1648 494 1697 habemus,
531 1648 861 1701 Cataleptorum
904 1649 1116 1697 libellum,
1152 1649 1229 1689 illa
1272 1661 1457 1701 poeseos
1490 1648 1639 1700 Vergi-

151 1725 281 1765 lianae
329 1725 592 1775 rudimenta,
640 1739 735 1778 quae
779 1729 880 1777 post
918 1730 1106 1766 mortem
1138 1728 1278 1779 poetae
1312 1724 1544 1766 Mantuani
1591 1738 1641 1765 ex

153 1802 326 1842 scriniis
358 1802 522 1843 relictis
557 1804 652 1843 sine
685 1804 776 1844 ulla
811 1805 1048 1844 selectione
1089 1818 1178 1845 una
1223 1817 1323 1844 oum
1368 1803 1637 1843 carminibus

154 1877 328 1920 Ovidis*
359 1884 402 1921 et
433 1881 607 1921 Horatii
621 1880 636 1901 ³
668 1881 859 1934 Vergilio
895 1882 1001 1922 olim
1034 1882 1207 1922 traditis
1235 1881 1288 1921 ab
1323 1893 1460 1932 eoque
1496 1892 1636 1919 serva-

152 1957 209 1997 tis
243 1956 358 1998 edita
404 1971 497 1998 esse
543 1958 629 1999 alio
673 1959 770 1998 1000
804 1956 1093 1999 docebimus.4
1138 1957 1335 1999 (Inlivem
1368 1959 1515 1997 autem
1549 1968 1639 1996 non

155 2033 299 2073 solum
332 2034 545 2083 imitatur,
580 2036 654 2075 sed
688 2036 821 2076 etiam
856 2036 1011 2076 alludit
1045 2035 1095 2075 ad
1131 2049 1231 2075 eum
1275 2049 1325 2075 eo
1359 2034 1558 2076 oonsilio.
1593 2036 1641 2073 ut

157 2108 280 2151 Cirin
329 2114 431 2164 post
478 2111 673 2153 Culicem
719 2115 780 2152 et·
806 2117 906 2152 ante
954 2112 1161 2152 Bucolica
1194 2125 1217 2151 a
1249 2111 1442 2163 Vergilio
1483 2111 1640 2150 iuvene

157 2187 362 2239 scriptam
397 2201 490 2228 esse
524 2188 682 2242 fingat;
718 2203 800 2230 vss.
839 2190 956 2230 enim
991 2188 1102 2230 Ciris
1141 2190 1334 2230 18777‘20:

227 2321 238 2340 ¹
267 2321 382 2355 Catal.
410 2321 475 2356 IX.

226 2379 240 2399 ‘2
266 2381 319 2414 Of.
345 2381 518 2414 libellum
553 2393 705 2416 meum:
738 2382 791 2416 De
834 2381 963 2417 Oviclz‘o
1003 2383 1130 2426 eleyiae
1156 2382 1196 2416 in
1222 2380 1438 2414 Messallam
1474 2382 1641 2417 (caetere,

154 2436 416 2482 Budapestini‚
445 2440 663 2484 sumptibus
690 2442 904 2476 Aeademiae
930 2442 1168 2476 Litterarum
1193 2441 1438 2484 Hungaricae,
1458 2435 1641 2471 MOMIX.

227 2497 241 2518 3
267 2498 320 2532 Of.
346 2502 711 2535 commentationem
738 2513 881 2536 meam:
919 2501 974 2534 De
1001 2503 1116 2545 epodo
1146 2499 1293 2533 Horatia
1322 2497 1525 2542 Cataleptz‘s
1560 2495 1640 2529 Ver-

155 2555 239 2599 yilii
266 2556 417 2599 inserto,
444 2559 599 2602 ibidem,
625 2561 846 2595 MCMVIII.

227 2614 241 2634 4
266 2616 313 2649 In
351 2618 516 2652 editione
555 2630 660 2653 mea:
699 2618 738 2653 P.
771 2619 929 2663 I'eryilz'i
963 2619 1133 2652 Maronis
1175 2617 1406 2661 Catalepton,
1434 2626 1515 2659 quae
1542 2615 1641 2647 inter

156 2678 497 2711 commentationes
535 2678 749 2711 Academiae
786 2678 1018 2722 Hungarieae
1054 2678 1158 2713 brevi
1183 2678 1260 2711 iam
1286 2678 1458 2719 ‘tempore
1496 2673 1535 2706 in
1574 2684 1639 2716 pss·

154 2732 296 2768 blicum
321 2737 500 2779 prodibit.
