1988 3159
301 189 353 223 30

306 327 364 351 150

308 711 363 735 155

302 1095 362 1119 160

303 1479 360 1503 185

299 1863 360 1887 170

301 2246 360 2270 175

299 2481 357 2504 179

301 2556 359 2580 178

299 2633 359 2660 180

993 193 1116 221 CIBIS.

426 308 647 350 Procurrit-
679 310 815 361 virgo.
850 309 976 360 Quod
1007 311 1072 350 uti
1105 323 1160 351 ne
1193 311 1368 362 prodita
1402 311 1504 353 ludo

425 386 636 426 Auratam
668 386 821 439 gracili
855 387 1058 427 solvisset
1093 400 1274 440 corpore
1307 388 1499 440 pallam!

427 460 602 513 Omnia,
633 476 728 515 quae
763 463 951 503 retinere
985 463 1170 515 gradum
1204 477 1443 517 cursusque
1476 466 1637 505 morari

424 538 621 587 Possem,
659 552 683 579 o
716 541 862 580 tecum
895 539 1117 580 velamina
1152 553 1326 593 semper
1357 541 1566 582 haberes:

427 615 524 656 Non
556 629 768 669 umquam
800 617 965 657 violata
998 630 1137 657 manu
1170 618 1359 658 sacraria
1392 618 1501 658 divae

427 692 632 741 Iurando,
668 694 834 739 infelix,
870 694 1142 747 nequiquam
1175 695 1269 734 iure
1304 696 1484 747 piasses.

424 769 519 810 Etsi
552 770 648 822 quis
682 771 885 810 nocuisse
919 770 999 810 tibi
1034 771 1229 823 periuria
1263 772 1445 813 credat?

425 845 566 886 Causa
598 847 671 898 pia
705 850 792 886 est:
828 848 977 887 timuit
1011 848 1135 888 fratri
1168 853 1210 888 te
1245 848 1475 889 ostendere
1509 849 1636 889 Iuno.

424 922 478 962 At
510 923 619 963 levis
653 922 726 963 ille
761 922 880 965 deus.
915 924 985 964 cui
1019 936 1194 976 semper
1228 923 1282 965 ad
1315 924 1616 965 ulciscendum

425 998 642 1050 Quaeritur
674 1014 724 1040 ex
758 1001 879 1040 omni
912 1000 1144 1041 verborum
1177 1002 1340 1041 iniuria
1372 1002 1501 1051 iactu,

424 1077 567 1116 Aurea
601 1077 787 1129 fulgenti
822 1076 1085 1129 depromens
1117 1078 1205 1117 tela
1238 1079 1455 1130 pharetra,

423 1153 522 1193 Heu
555 1154 744 1193 nimium
776 1156 901 1195 taetro
935 1155 1125 1195 nimium
1158 1156 1370 1196 torrentia
1403 1157 1496 1195 viro

424 1229 618 1282 Virginis
651 1231 698 1270 in
731 1233 883 1271 tenera
915 1231 1062 1272 defixit
1096 1233 1300 1272 acumina
1333 1235 1494 1273 mente.

484 1305 589 1356 Quae
623 1308 756 1347 simul
790 1321 837 1348 ac
870 1299 1176 1349 venishausit
1210 1308 1462 1349 sitientibus
1495 1309 1646 1361 ignem

425 1383 480 1424 Et
512 1384 709 1424 validum
741 1384 919 1437 penitus
954 1385 1153 1438 concepit
1185 1386 1231 1425 in
1268 1399 1367 1426 ossa
1401 1387 1605 1434 furorem,

425 1460 547 1501 Saeva
578 1461 698 1501 velut
731 1460 887 1513 gelidis
920 1461 1125 1502 Edonum
1158 1462 1353 1503 Bistonis
1388 1462 1475 1501 oris

426 1536 570 1577 Ictave
604 1537 830 1578 barbarico
865 1537 1048 1590 Cybeles
1083 1539 1279 1579 antistita
1313 1538 1437 1586 buxo,

424 1613 598 1664 (Infelix
629 1615 794 1667 vi1·g0!›
827 1618 917 1655 tota
953 1615 1190 1656 bacchatur
1223 1616 1268 1655 in
1301 1616 1419 1659 urbe.

424 1691 523 1732 Non
556 1695 724 1732 storace
757 1691 873 1732 Idaeo
907 1693 1153 1744 fragrantes
1187 1692 1323 1732 tincta
1358 1692 1555 1745 capillos,

424 1765 611 1808 Coccina
643 1782 734 1809 non
767 1770 931 1809 teneris
963 1769 1150 1822 pedibus
1185 1769 1390 1822 Sicyonia
1425 1782 1619 1818 servans,

424 1845 522 1885 Non
554 1845 682 1885 niveo
716 1847 913 1886 retinens
947 1847 1101 1887 bacata
1133 1847 1321 1887 monilia
1353 1846 1480 1886 collo.

422 1921 614 1962 Multum
647 1922 712 1962 illi
746 1923 913 1964 incerto
947 1923 1173 1976 trepidant
1205 1924 1391 1977 vestigia
1424 1936 1577 1971 cursu:

423 1996 544 2050 Saepe
578 1997 690 2039 redit
722 2000 889 2051 patrios
923 2000 1188 2040 adscendere
1220 1999 1389 2054 perdit-a
1422 2011 1573 2040 muros

423 2073 726 2128 Pleoebeasfsue
758 2076 861 2116 facit
895 2088 1073 2116 causam
1106 2090 1152 2117 se
1185 2077 1325 2117 visere
1359 2078 1527 2124 turres;

423 2149 546 2203 Saepe
580 2152 712 2192 etiam
746 2152 895 2192 tristes
927 2152 1108 2193 volvens
1142 2153 1188 2192 in
1222 2156 1349 2192 nocte
1383 2151 1601 2204 querellas

424 2227 608 2270 Sedibus
643 2243 692 2270 ex
724 2229 826 2270 altis
860 2229 970 2269 caeli
1003 2230 1254 2282 speculatur
1287 2227 1497 2270 honorem

423 2304 659 2359 Castraque
692 2309 943 2359 prospectat
977 2306 1140 2347 crebris
1174 2306 1370 2346 lucentia
1401 2304 1604 2345 flammis.

423 2383 555 2424 Nulla
588 2384 733 2424 colum
766 2383 902 2432 novit,
938 2396 1088 2424 carum
1121 2396 1212 2423 non
1245 2382 1425 2435 respicit
1457 2394 1627 2423 aurum.

424 2459 520 2501 Non
551 2461 715 2513 Libyco
749 2460 906 2501 molles
940 2460 1218 2512 plauduntur
1249 2460 1425 2512 pectine
1459 2458 1567 2506 telae,

423 2538 520 2578 Non
553 2540 709 2590 arguta
742 2538 903 2577 sonant
934 2536 1056 2578 tenui
1091 2536 1302 2589 psalteria
1334 2533 1508 2575 chorda.

422 2613 580 2655 Nullus
606 2614 653 2654 in
681 2627 753 2654 ore
781 2614 938 2655 rubor:
971 2613 1047 2653 ubi
1076 2612 1196 2653 enim
1222 2612 1368 2659 rubor,
1399 2611 1543 2652 obstat-
1571 2608 1723 2650 amori.

370 2728 375 2733 ,
421 2689 563 2742 Atque
596 2690 671 2730 ubi
704 2690 827 2731 nulla
861 2689 990 2730 malis
1024 2688 1188 2742 reperit
1223 2687 1388 2729 solacia
1421 2685 1558 2727 tantis
