1988 3159
303 199 367 230 145
892 197 1106 226 EXCURSUS
1137 199 1192 226 IV.

378 318 509 363 Quare
537 327 612 353 nos
641 314 717 352 hoc
746 324 914 357 nemen,
944 312 1072 350 tribus
1101 314 1183 350 iam
1211 314 1309 350 locis
1337 315 1542 361 repertum
1572 312 1622 350 iis
1654 313 1782 350 adnu—

296 399 501 425 meramus
540 385 685 429 verbis,
729 383 873 433 quibus
902 385 1022 432 poeta
1063 383 1320 422 Mantuanus.
1366 385 1537 422 novator
1564 382 1782 421 verborum

297 458 562 500 felicissimus,
592 456 774 503 linguam
804 455 996 493 Latinam
1023 455 1282 503 locupletavit
1313 457 1352 492 et
1381 453 1653 492 imitatoribus
1684 455 1776 493 suis.

297 528 512 566 heredibus
552 525 779 564 fortunatis.
823 524 974 562 utenda
1013 525 1211 573 permisit.
1251 525 1392 562 Finxit
1423 528 1556 563 autem
1587 525 1663 562 hoc
1692 536 1780 561 ver-

296 601 393 637 bum
433 597 634 645 Vergilius
677 595 727 633 ad
768 595 1076 632 similitudinem
1120 596 1249 634 Graeci
1278 598 1386 647 νῆμα
1414 609 1485 634 suo
1516 609 1641 640 more,
1673 594 1783 632 unde

295 671 392 709 Hor.
424 670 468 707 A.
499 669 541 706 P.
573 668 753 706 52—55:

464 770 512 802 Et
538 779 634 802 nora
661 767 824 809 fictaque
850 777 972 810 nuper
997 766 1191 800 habebunt
1216 767 1328 801 verba
1353 766 1481 807 fidem,
1511 767 1543 800 si

466 828 610 861 Graeco
640 825 775 867 sonte*
804 824 942 857 cadant
966 835 1079 868 parce
1106 824 1265 858 detorta.
1291 826 1389 867 Quid
1417 828 1543 860 autem

462 885 610 919 Caecilio
637 884 847 927 Plautoque
875 883 978 917 dabit
1006 883 1200 917 Romanus
1227 884 1449 928 ademptum

468 944 631 987 Veryilio
650 943 667 976 ἰ)

367 1047 488 1085 Vides
518 1048 600 1083 iam
630 1057 752 1094 parvo
783 1044 966 1092 exemplo
1009 1043 1160 1088 doetus,
1199 1043 1370 1081 candide
1410 1045 1546 1087 lector,
1591 1043 1687 1091 quid
1730 1043 1786 1080 sit

250 1116 258 1123 “
297 1120 507 1169 proprium
538 1117 635 1154 artis
665 1118 814 1153 nostrae
847 1128 1006 1152 munus.
1048 1115 1139 1152 Non
1182 1114 1292 1151 enim
1334 1114 1377 1150 id
1419 1112 1549 1150 solum
1593 1126 1692 1160 opus
1723 1115 1784 1151 est

296 1191 434 1238 generi
463 1189 656 1231 humano,
687 1188 730 1223 ut
765 1185 881 1224 novis
923 1197 1083 1233 semper
1123 1183 1301 1221 inventis
1345 1184 1495 1221 ditetur
1536 1184 1782 1231 cognitionis

295 1261 520 1301 thesaurus,
565 1258 635 1296 sed
679 1258 803 1294 etiam
846 1268 1101 1304 summopere
1145 1255 1382 1299 cavendum,
1426 1267 1478 1292 ne
1523 1254 1630 1303 quid,
1676 1252 1784 1302 quod

297 1331 421 1369 semel
449 1331 662 1367 inventum
693 1330 763 1374 est,
795 1329 1023 1375 temporum
1054 1326 1202 1363 iniuria
1243 1325 1361 1363 nobis
1403 1326 1599 1374 eripiat-ur
1639 1324 1785 1363 obrua-

296 1406 438 1452 turque
467 1400 608 1449 iniqua
638 1399 848 1437 oblivione.
883 1398 999 1444 Quod
1028 1409 1079 1434 ne
1109 1396 1235 1441 fieret,
1264 1396 1432 1434 inventa
1460 1398 1520 1434 est
1540 1398 1678 1433 nostra
1705 1409 1785 1441 ars,

296 1474 518 1523 philologia
548 1471 697 1513 divina,
730 1483 816 1519 quae
848 1472 908 1507 est
936 1481 1028 1506 vere
1059 1481 1123 1506 ars
1153 1481 1236 1506 non
1267 1467 1540 1511 obliviscendi,
1572 1469 1786 1516 tamquam

296 1545 493 1582 memoria
522 1543 681 1591 generis
711 1541 894 1577 humani.

370 1613 476 1653 Satis
506 1615 711 1661 praeterea,
744 1612 899 1659 opinor,
944 1623 991 1647 ex
1034 1609 1097 1646 his
1141 1610 1395 1658 perspexisti,
1438 1621 1515 1657 quo
1556 1609 1644 1645 iure
1684 1609 1785 1646 Ver·

298 1688 439 1735 gilium
482 1683 648 1721 damnet
695 1681 881 1720 Skutsch.
930 1693 1058 1718 novus
1104 1680 1171 1716 ille
1219 1678 1365 1716 Zoilus.
1413 1678 1543 1715 Altius
1591 1680 1714 1727 igitur
1742 1691 1787 1715 se

298 1757 544 1806 praecingere
575 1752 703 1797 debet,
735 1754 768 1788 si
799 1751 887 1800 quis
916 1750 1139 1799 Vergilium
1166 1749 1458 1787 dormitantem
1479 1749 1787 1798 deprehendere

300 1827 483 1864 animum
512 1823 684 1862 induxit.
716 1822 845 1860 Aliter
888 1823 998 1859 enim
1040 1821 1157 1859 facile
1199 1822 1237 1857 ei
1278 1820 1458 1858 accidere
1501 1822 1645 1869 potest,
1678 1819 1787 1869 quod

300 1896 516 1935 Skutsehio
545 1907 588 1932 re
617 1907 712 1932 vera
743 1893 898 1937 accidit,
931 1895 974 1929 ut
1003 1892 1227 1941 Vergilium
1270 1891 1433 1940 quidem
1474 1891 1672 1940 vigilasse.
1716 1890 1788 1928 sed

299 1981 338 2006 se
369 1969 504 2017 ipsum
534 1965 774 2004 dormitasse
805 1964 953 2002 damno
984 1976 1055 2000 suo
1087 1963 1226 2000 doctus
1256 1963 1483 2010 intellegat.

298 2142 383 2172 tua»
414 2139 449 2171 et
476 2137 544 2171 Ox‘.
581 2135 694 2169 Trist.
732 2134 776 2167 V.
807 2135 860 2175 13,
886 2134 954 2167 24:
999 2135 1102 2167 «Non
1141 2134 1195 2166 ita
1234 2135 1323 2166 sunt
1361 2132 1437 2175 sati
1473 2132 1644 2166 stamina
1669 2132 1790 2175 niqra

299 2197 394 2231 mei»
437 2198 473 2230 et
507 2195 628 2239 Epist.
668 2204 711 2226 ex
749 2193 857 2226 Pont.
895 2192 948 2225 Π.
979 2191 1012 2232 4,
1039 2193 1103 2225 30:
1149 2192 1254 2224 «Non
1291 2193 1345 2225 ita
1380 2202 1470 2235 pars
1505 2190 1581 2233 fati
1618 2190 1790 2224 candida

300 2258 405 2290 nulla
430 2256 537 2289 mei.»

371 2316 391 2335 *
418 2313 471 2348 Cf.
510 2312 796 2347 adnotationem
825 2309 1039 2353 Kiesslinyii
1077 2310 1123 2342 ad
1161 2309 1264 2341 hunc
1302 2309 1452 2342 Iocum:
1500 2307 1641 2342 «Meint
1679 2307 1790 2341 nicht

301 2371 541 2416 griechische
567 2371 806 2410 Lehnworte‚
835 2369 1001 2402 sondern
1039 2368 1158 2402 findet
1186 2367 1288 2400 seine
1319 2368 1575 2410 Erlauterung
1604 2366 1643 2400 in
1670 2366 1785 2407 Quin-

300 2431 431 2465 tilia-ns
458 2429 582 2474 (VIII.
623 2429 730 2472 3‚33.)
768 2429 948 2462 Worten:
991 2427 1132 2460 «Multa
1170 2438 1213 2460 ex
1252 2427 1382 2460 Graeco
1421 2425 1587 2459 formata
1619 2436 1718 2459 nova
1745 2436 1789 2458 ac

300 2490 469 2534 plurima
495 2501 516 2523 a
542 2489 675 2533 Sergio
691 2489 820 2528 Flavo,
840 2497 1002 2530 quorum
1029 2486 1124 2519 dura
1151 2485 1323 2529 quaedam
1351 2485 1569 2526 admodum,
1589 2486 1631 2518 ut
1650 2493 1791 2528 queens

302 2551 337 2582 et
365 2548 543 2583 essentia»
586 2549 611 2582 i.
650 2558 681 2581 e.
720 2545 841 2581 οὐσία.
866 2546 956 2579 Also
987 2546 1085 2579 nach
1112 2545 1181 2578 cler
1215 2544 1399 2587 Anacoyie
1424 2543 1489 2576 des
1519 2542 1789 2576 Griechischen

301 2607 489 2651 gebildete
515 2607 644 2640 YVorte
671 2607 750 2639 und
788 2606 952 2638 Formen
979 2631 988 2639 .
1013 2629 1021 2637 .
1051 2630 1059 2638 .
1086 2604 1134 2637 So
1159 2603 1278 2637 tadelt
1304 2614 1336 2637 z.
1361 2603 1405 2636 Β.
1431 2602 1549 2636 selbst
1575 2601 1788 2643 Quintilian

290 2667 332 2711 >I.
358 2669 391 2707 5,
417 2667 474 2701 65.
513 2666 580 2700 das
618 2676 691 2699 von
729 2664 854 2708 Virgil
892 2663 990 2697 nach
1017 2662 1269 2706 ἀνέκπληκτος
1294 2662 1464 2706 gewagte
1504 2661 1790 2705 imperterritus

301 2725 393 2759 Aen.
420 2725 467 2759 X.
500 2725 600 2758 770.»
