1988 3159
333 2094 388 2117 ‘22‘5

1001 190 1123 218 CIRIS.

437 306 547 346 Tum
581 319 797 358 suspensa
827 307 980 346 levans
1014 305 1161 358 digitis
1194 306 1378 358 vestigia
1409 307 1564 359 primis

439 383 672 435 Egreditur
704 383 904 435 ferroque
937 395 1096 422 manus
1130 385 1298 422 armata
1329 382 1497 423 bidenti

438 458 677 507 Provolass
710 464 754 500 at
788 460 974 512 demptae
1010 460 1154 500 subita
1188 461 1233 500 in
1268 460 1502 500 formidine
1536 461 1665 502 vires.

440 536 662 577 Caeruleas
697 550 775 577 sua
809 537 925 577 furta
957 537 1079 589 prius
1112 539 1300 577 testatur
1332 537 1387 578 ad
1420 550 1582 578 auras:

439 614 561 663 Nam,
597 627 683 666 qua
717 627 761 654 se
795 614 848 654 ad
881 614 1074 666 patrium
1107 613 1316 654 tendebat
1350 615 1506 654 semita
1538 615 1695 663 limen,

440 689 668 731 Vestibulo
701 691 747 730 in
781 690 967 730 thalami
1000 691 1199 742 paullum
1234 694 1479 732 remoratur
1512 694 1553 732 et
1587 692 1675 732 alte

442 766 633 820 Suspicit
668 767 723 807 ad
755 768 859 808 celsi
893 768 1111 807 nictantia
1145 767 1287 808 sidera
1320 767 1486 815 mundi,

441 845 538 885 Non
571 847 750 897 accepta
783 845 868 896 piis
900 845 1164 896 promittens
1197 858 1382 884 munera
1416 844 1539 885 divis.

505 922 647 972 Quam
681 922 815 962 simul
848 920 1003 974 Ogygii
1036 920 1257 961 Phwnieis
1290 921 1379 961 filia
1413 920 1566 962 Carme

444 998 631 1051 Surgere
666 998 805 1038 sensit
839 1011 948 1038 anus
982 998 1191 1042 (sonitum
1225 1011 1327 1038 nam
1364 998 1523 1038 feoerat
1556 999 1622 1038 illi

443 1076 691 1116 Marmoreo
726 1078 885 1115 aei-atus
918 1074 1107 1114 stridens
1142 1073 1186 1114 in
1218 1074 1373 1114 limine
1408 1073 1565 1120 031110),

445 1153 638 1205 Corripit
670 1152 887 1203 extemplo
921 1152 1083 1191 fessam
1116 1152 1328 1202 languore
1363 1151 1557 1203 puellam

446 1230 499 1269 Et
517 1229 671 1269 simul:
697 1227 754 1268 «O
774 1228 903 1268 nobis
923 1240 1094 1268 sacrum
1118 1232 1248 1280 eaput
1266 1251 1322 1254 -ν
1340 1227 1482 1280 inquit
1502 1251 1556 1254 —
1577 1227 1779 1277 alumna„

448 1306 545 1346 Non
580 1305 659 1345 tibi
692 1305 961 1357 nequiquam
993 1295 1145 1344 viridis
1178 1317 1255 1356 per
1287 1304 1453 1344 viscera
1487 1303 1630 1356 pallor

447 1385 659 1435 Aegrotas
691 1382 815 1422 tenui
849 1380 1031 1420 suffudit
1064 1381 1278 1433 sanguine
1311 1393 1456 1427 venas,

450 1461 534 1501 Neo
558 1459 667 1500 levis
691 1460 803 1499 113110
830 1459 983 1498 faciem
1007 1470 1164 1510 (neque
1189 1458 1307 1497 enim
1331 1459 1446 1509 pote)
1469 1469 1572 1496 01113
1596 1454 1791 1496 subedit‚

447 1536 579 1578 Haud
612 1537 744 1577 fallor
776 1535 907 1588 «quod
940 1540 988 1574 ut
1022 1548 1045 1574 o
1079 1534 1237 1586 potius,
1273 1533 1561 1579 Rhamnusia,
1599 1533 1769 1582 fallar):

450 1614 559 1654 Nam
593 1627 678 1666 qua
711 1615 752 1653 te
787 1625 920 1652 eausa
954 1625 1031 1652 nee
1066 1611 1205 1651 duleis
1239 1612 1396 1663 poeula
1428 1610 1588 1650 Bacchi

450 1691 539 1731 Neo
573 1689 775 1742 gravidos
810 1689 979 1730 Cereris
1013 1689 1155 1728 dicam
1190 1688 1444 1740 contingere
1478 1688 1604 1732 fetus,

452 1768 544 1818 Qua
580 1779 711 1807 causa
746 1766 799 1806 ad
833 1766 1026 1817 patrium
1061 1765 1200 1804 solam
1233 1764 1414 1816 vigilare
1448 1762 1600 1808 cubile,

451 1844 663 1896 Tempore
698 1857 783 1896 quo
819 1844 956 1883 fessas
989 1842 1193 1882 mortalia
1228 1844 1406 1894 pectora
1439 1852 1576 1884 curas.

453 1920 546 1970 Quo
580 1920 759 1973 rapidos
793 1920 925 1960 etiam
962 1920 1239 1972 requiescunt
1273 1917 1459 1958 fiumina
1492 1918 1679 1957 cursus?

446 1997 526 2037 Dio
560 2011 638 2050 age
671 2010 788 2037 1111110
823 1997 993 2036 miserae
1029 1997 1196 2040 saltem,
1234 1994 1350 2047 quod
1383 2007 1495 2046 saepe
1530 1992 1701 2045 petenti

453 2074 636 2115 Iul-abas
669 2074 785 2113 nihil
817 2087 911 2113 esse
945 2073 1069 2118 mihi,
1107 2086 1182 2112 0111·
1213 2074 1367 2111 maesta
1400 2069 1597 2123 parentis

452 2151 691 2191 Formosos
725 2151 888 2189 circum
920 2150 1041 2201 virgo
1078 2160 1294 2189 remorere
1328 2147 1545 2199 capillos?

454 2228 505 2268 Ei
538 2226 661 2271 mihi.
698 2239 753 2266 ne
787 2227 908 2266 furor
941 2226 1014 2265 ille
1048 2229 1147 2265 tuos
1180 2224 1391 2265 invaserit
1425 2225 1557 2271 artus,

453 2304 547 2353 Ille,
583 2302 735 2343 Arabae
767 2301 957 2354 Myrrhae
993 2301 1214 2354 quondam
1247 2300 1320 2353 qui
1355 2299 1470 2352 cepit
1500 2298 1678 2345 ocellos,

455 2381 512 2422 Ut
546 2381 707 2421 scelere
740 2379 923 2419 infando
958 2379 1088 2431 &quod
1121 2393 1175 2418 ne
1209 2379 1325 2418 sinat
1358 2376 1584 2417 Adrastea)

457 2458 632 2499 Laedere
666 2461 901 2509 utrumque
935 2469 1025 2496 uno
1061 2455 1238 2496 studeas
1271 2466 1417 2494 errore
1450 2449 1715 2504 parentemi

457 2534 583 2586 Quod
616 2535 652 2575 si
685 2535 772 2575 alio
807 2534 960 2587 quovis
994 2532 1133 2573 animi
1165 2531 1341 2572 iactaris
1374 2541 1525 2570 amore

457 2614 585 2664 (Nam
618 2616 658 2653 te
693 2612 857 2660 iactari,
893 2623 985 2651 non
1018 2615 1084 2651 est
1115 2608 1377 2650 Amathusia
1408 2606 1551 2647 nostri

459 2691 564 2731 Tam
596 2689 730 2739 rudis,
764 2692 812 2730 ut
844 2688 967 2728 nullo
1001 2686 1167 2740 possim
1201 2697 1462 2738 cognoscere
1497 2682 1658 2735 signo).
