1988 3159
793 185 1015 213 PRAEFATIO.
1636 181 1656 214 9

168 307 357 358 Tempus
410 306 476 345 est
526 304 657 351 enim,
712 305 761 343 ut
812 302 973 343 talibus
1028 301 1412 344 homuncionibus.
1458 302 1531 354 qui
1573 315 1655 342 nos

166 382 405 433 Hungaros
450 382 629 433 impune
671 379 770 419 laedi
815 392 944 431 posse
990 378 1184 426 credunt,
1222 379 1324 431 quia
1368 381 1546 431 propter
1579 391 1654 418 an-

168 458 335 510 gustias
368 458 528 510 linguae
576 456 730 509 patriae
776 459 895 496 extra
932 455 1179 495 litterarum
1212 455 1524 494 commercium
1559 467 1654 494 esse

165 532 401 582 videmu1-‚1
452 537 500 575 ut
552 534 662 578 istis,
718 534 910 585 inquam,
961 531 1246 573 ostendamus
1299 531 1530 571 veritatem
1578 545 1652 571 an-

166 612 278 665 tiqui
310 611 555 664 proverbii:
604 608 720 651 Cave
755 609 893 651 {cedas-
925 608 1231 663 Hzmyarum!
1275 607 1501 647 Habemus
1535 609 1653 648 enim

165 689 364 741 linguam
431 688 648 733 Latinam,
721 700 814 740 quae
882 685 1082 738 patribus
1143 685 1306 725 nostris
1371 688 1463 725 erat
1515 685 1654 725 altera

164 778 288 817 paene
325 765 573 812 vernacula,
622 764 783 804 scimus
829 763 965 816 loqui,
997 765 1046 803 ut
1078 765 1197 802 totus
1243 761 1393 801 audiat
1437 763 1652 801 terrarum

163 841 294 882 orbis,
378 888 383 893 ⁴

235 918 360 959 Tales
394 918 527 970 igitur
558 917 638 958 filii
672 920 785 957 certe
820 929 910 956 non
945 919 1047 955 sunt
1081 915 1203 967 digni
1235 918 1376 955 matre
1400 913 1649 959 Germania,

163 1008 325 1047 magna
358 995 435 1034 illa
466 994 836 1046 philosophorum
881 993 1296 1046 philologorumque
1340 994 1536 1044 parente.
1578 1005 1651 1044 op-

163 1072 273 1111 tima
304 1072 598 1123 ingenuarum
631 1071 793 1111 artium
826 1070 1047 1123 magistra,
1084 1069 1153 1110 cui
1186 1068 1387 1121 Hungari
1412 1068 1652 1120 plurimum

163 1161 246 1188 nos
291 1148 445 1188 debere
495 1161 668 1200 semper
715 1147 1008 1188 libentissime
1063 1146 1332 1194 fatebamur:
1387 1159 1456 1185 me
1505 1148 1652 1186 autem

162 1225 381 1277 praecipue
427 1238 599 1276 aequum
646 1228 711 1264 est
754 1224 1024 1270 meminisse,
1061 1223 1165 1276 quid
1208 1224 1346 1263 Almae
1384 1222 1515 1262 Matri
1548 1222 1650 1273 Lip-

165 1301 300 1342 siensi
355 1304 397 1342 et
449 1302 739 1345 Bel-olinensi.
791 1300 894 1353 quid
940 1300 1046 1340 viris
1095 1300 1364 1343 clarissimis.
1415 1299 1651 1340 Ribbeckio

163 1379 449 1431 Vahlenoque
484 1379 677 1428 debeam,

542 1498 548 1504 .
570 1499 578 1505 .
598 1497 606 1504 .
626 1469 699 1503 τῶν
725 1469 756 1504 δ’
784 1469 852 1505 οἰκ
879 1468 1107 1513 ἐπιλήσομαι,
1134 1469 1218 1514 ὄφρ’
1248 1470 1295 1504 ἂν
1322 1467 1436 1514 ἔγωγε

399 1532 554 1576 Ζῳοῖσιν
578 1528 694 1573 μετέω
721 1528 785 1563 καί
808 1541 871 1572 μοι
897 1530 984 1572 φίλα
1011 1528 1157 1572 γούνατ’
1188 1526 1325 1574 ὀρώρῃ.

160 1620 259 1660 Non
297 1633 370 1660 ero
403 1621 538 1672 igitur
574 1621 734 1672 ingrati
783 1620 918 1660 animi
965 1623 1070 1660 nota
1117 1618 1385 1665 afficiendus,
1424 1621 1459 1660 si
1492 1619 1650 1660 ridicu-

161 1696 228 1736 los
277 1710 443 1737 errores
492 1697 724 1737 hominum
778 1699 867 1736 tam
921 1689 1067 1750 inepte
1123 1697 1473 1749 superbientium
1527 1698 1649 1738 seria?

163 1771 372 1813 doctrinae
406 1772 609 1824 lampade
642 1772 866 1814 illustraro
899 1773 1098 1825 libroque
1131 1773 1289 1813 Latine
1330 1774 1491 1826 scripto
1525 1787 1649 1814 mon-

163 1851 356 1889 stravero
391 1850 472 1889 toti
505 1850 753 1890 litterarum
786 1850 1051 1902 reipublicae,
1088 1851 1301 1902 quantula
1334 1851 1553 1903 sapientia
1584 1865 1648 1890 re-

162 1928 288 1978 gatur
320 1950 377 1954 —
408 1927 663 1979 philologia.

236 2001 319 2043 Sed
363 2003 511 2043 missis
555 2004 643 2043 iam
687 2003 757 2043 his
803 2003 987 2055 ingratis
1021 2004 1381 2060 altercationibus
1415 2006 1653 2057 fungamur

164 2078 307 2120 officio
342 2080 592 2132 gratissimo
627 2079 981 2131 celebremusque
1014 2080 1172 2120 merita
1197 2080 1326 2120 laude
1369 2080 1650 2121 Academiam

160 2153 429 2194 Litterarum
462 2155 776 2207 Hungaricam,
812 2156 936 2196 cuius
968 2156 1223 2196 liberalitati
1248 2156 1394 2205 debeo,
1421 2157 1537 2210 quod
1560 2171 1650 2198 non

162 2231 306 2271 solum
348 2231 466 2272 hunc
511 2232 558 2272 in
602 2231 721 2272 Cirin
766 2233 1135 2274 commentarium
1179 2234 1284 2274 viris
1323 2234 1461 2275 doctis
1496 2235 1649 2275 offerre

161 2308 293 2360 quivi,
342 2308 418 2348 sed
462 2309 595 2349 etiam
643 2309 778 2350 totius
816 2310 1082 2362 Appendicis
1115 2311 1377 2364 Vergilianas
1410 2312 1650 2352 editionem

233 2447 245 2467 ¹
272 2448 434 2492 Magnus
460 2448 524 2482 ille
551 2448 760 2483 Mommsen
787 2450 940 2494 scripsit
966 2450 1005 2484 in
1032 2452 1138 2484 tomo
1165 2451 1470 2495 Inscriptionum
1495 2453 1649 2486 Latina-

161 2517 247 2540 rum
274 2506 420 2550 lapides
446 2507 665 2541 Pannonios
693 2507 923 2549 continente,
951 2519 1064 2542 usum
1082 2509 1224 2553 linguae
1243 2513 1382 2544 nostrae
1400 2512 1440 2544 in
1459 2522 1649 2545 commen—

159 2563 370 2604 tationibus
397 2564 518 2599 doctis
544 2566 830 2609 reprehendens
846 2578 852 2600 :
886 2567 966 2600 «Ita
982 2567 1036 2608 fit,
1057 2570 1098 2601 ut
1116 2569 1296 2612 Hungari
1313 2571 1418 2603 extra
1435 2570 1650 2604 litterarum

161 2626 433 2659 commercium
460 2629 712 2670 permaneant
740 2630 786 2668 et,
813 2639 899 2661 cum
927 2628 1077 2661 barbari
1116 2639 1192 2661 non
1229 2629 1316 2669 sint,
1343 2628 1494 2662 barbari
1521 2631 1650 2663 tamen

161 2685 327 2727 quodam
354 2685 466 2718 modo
494 2686 728 2722 videantur.»
