1988 3159
312 189 379 221 130
785 189 1078 217 ADNOTATIONE
1084 189 1103 216 S
1135 189 1322 217 GRITIOAE.

382 306 427 344 V.
461 306 547 343 289.
579 304 733 344 Haud:
763 304 1128 350 Helmstadiensis;
1159 305 1268 343 Aut:
1298 307 1368 343 alli
1397 305 1553 343 codices
1584 327 1610 331 f
1647 304 1799 342 Nunc:

312 377 477 420 conieci,
509 378 553 413 ut
583 377 813 424 opponatur
844 373 1086 424 praeoedenti
1117 374 1187 423 (vs.
1221 374 1327 424 288.)
1358 376 1467 413 olim.
1501 374 1557 413 Cf.
1591 387 1713 424 supra
1741 387 1797 413 vs.

313 448 412 486 286:
450 447 504 484 «O
534 446 639 484 mihi
668 458 782 483 nunc
811 446 959 483 iterum
990 444 1160 482 crudelis
1189 444 1344 483 reddite
1374 447 1555 484 Minosin
1789 441 1797 445 ’

383 519 429 556 V.
454 519 540 556 290.
564 523 686 566 capta
704 523 828 566 atque
847 531 858 555 .·
880 516 1037 555 codices
1058 539 1108 544 —
1129 519 1292 566 captiva
1307 531 1318 555 .·
1340 518 1572 556 emendavit
1591 518 1797 555 Baehrens.

315 588 510 627 Codicum
540 588 659 625 lectio
689 589 829 636 inepta
860 590 941 633 est;
975 594 1094 636 capta
1140 590 1251 626 enim
1282 601 1365 626 non
1399 591 1532 638 potest
1561 601 1653 626 cum
1682 589 1801 637 lonye

314 659 527 698 commode
556 658 680 707 iungi.

385 731 430 768 V.
465 731 550 768 292.
582 731 802 768 obsistam.-
833 729 989 767 codices
1018 752 1069 756 —
1100 743 1120 767 0
1153 731 1212 768 bis
1249 731 1366 768 iam:
1409 730 1641 768 emendavit
1671 730 1801 767 Hous-

315 814 468 847 mann;
501 801 546 838 cf.
580 812 701 848 supra
730 812 805 837 vss.
838 799 1072 838 286—287:
1110 799 1165 838 «O
1195 800 1299 837 mihi
1327 812 1436 838 nunc
1455 801 1608 838 iterum
1629 799 1803 837 crudelis

315 871 472 910 reddite
501 872 648 915 Minos9
682 884 703 908 o
735 872 883 911 iterum
917 872 1066 908 nostrae
1096 871 1230 909 Minos
1259 871 1424 909 inimice
1455 872 1672 909 seneotae1»

386 942 433 980 V.
465 942 551 980 293.
598 955 752 991 eaque:
796 942 953 980 codices
983 965 1034 969 ——
1064 954 1208 991 oequo:
1238 941 1471 980 emendavit
1513 942 1662 990 Haupt.
1693 940 1803 977 Dicit

317 1012 461 1051 Carme
492 1025 533 1050 se
555 1014 758 1050 seniorem
789 1024 874 1050 esse
904 1025 1031 1062 aequm
1063 1025 1147 1050 non
1178 1012 1362 1050 debuisse
1391 1014 1477 1050 tam
1507 1011 1575 1049 diu
1603 1012 1747 1048 vivere.

386 1084 432 1122 V.
465 1084 551 1121 294.
589 1084 661 1122 Ut:
691 1083 847 1121 codices
878 1106 927 1109 —
957 1084 989 1121 A
1010 1085 1047 1121 .'.·
1078 1083 1252 1121 coniecit
1280 1084 1490 1121 Baehrens.

386 1154 431 1191 V.
465 1154 552 1192 299.
586 1155 828 1204 cheplzarto
860 1156 929 1192 aut
954 1155 1202 1203 Nuuplmrto
1220 1168 1230 1191 .·
1260 1153 1420 1191 codices
1441 1176 1491 1179 e«
1512 1165 1596 1190 neu.
1625 1152 1805 1189 Partho:

315 1226 539 1263 rectissime
570 1225 665 1263 edit.
697 1226 847 1263 Aldina
876 1239 971 1263 ann.
1009 1226 1117 1263 1534.

385 1296 431 1333 V.
463 1296 552 1334 302.
586 1297 794 1334 montibus
825 1298 946 1335 isses:
977 1296 1133 1335 codices
1163 1320 1213 1323 —
1246 1298 1395 1334 montis
1425 1296 1602 1333 abisses:
1633 1294 1807 1332 coniecit

317 1364 506 1414 Scaliger.
555 1366 679 1404 Abire
728 1382 773 1398 =
821 1368 863 1404 in
911 1366 1162 1415 profundum
1209 1366 1279 1411 ire,
1328 1368 1372 1404 ut
1418 1366 1535 1415 Verg.
1586 1367 1685 1403 Aen.
1733 1364 1805 1403 IX.

318 1436 551 1474 695—697:
589 1439 718 1474 «volat
745 1437 849 1475 Itala
878 1450 1024 1474 cornus
1054 1437 1159 1474 Aera
1186 1449 1259 1486 per
1288 1439 1477 1474 tenerum
1516 1436 1806 1484 stomachoque

319 1507 444 1545 infixa-
473 1508 544 1545 sub
576 1510 703 1546 altum
732 1509 876 1546 Pectus
906 1508 1027 1545 abit.»

388 1579 433 1617 V.
466 1580 554 1617 310.
587 1581 730 1617 nobis:
761 1579 918 1617 codices
948 1600 999 1605 —-
1031 1591 1114 1615 non
1133 1579 1215 1616 sic:
1245 1577 1478 1615 emendavit
1509 1576 1637 1624 Siliig.
1662 1562 1805 1615 Carme

319 1651 402 1687 vult
431 1649 564 1687 dicere
595 1663 634 1687 se
667 1653 831 1687 alumna
860 1651 1019 1697 integra
1062 1662 1144 1686 non
1175 1651 1259 1686 tam
1289 1660 1391 1696 aegre
1435 1650 1575 1685 tulisse
1612 1649 1809 1685 iacturam

318 1719 422 1757 filiae.

389 1790 434 1827 V.
467 1790 554 1827 311.
590 1798 774 1828 maneret
793 1805 803 1829 .·
835 1792 991 1828 codices
1022 1811 1072 1816 —
1102 1792 1327 1827 remansit:
1372 1791 1537 1827 conieci.
1579 1789 1721 1826 Nullus
1751 1790 1811 1825 est

320 1862 386 1899 hic
414 1864 526 1900 locus
557 1864 816 1900 coniunctivo
846 1864 938 1911 post
969 1868 1055 1899 tum
1087 1874 1195 1900 cum.
1241 1860 1297 1899 Cf.
1330 1859 1427 1898 Caes.
1459 1860 1504 1897 B.
1537 1858 1583 1897 G.
1615 1859 1702 1897 VH.
1734 1859 1809 1896 35:

325 1933 492 1970 «iisdem
542 1933 717 1977 sublicis,
768 1945 940 1982 quarum
988 1945 1080 1981 pars
1129 1931 1299 1968 inferior
1344 1933 1509 1980 integra
1557 1931 1810 1973 remanebat,

322 2005 489 2052 pontem
519 2004 681 2041 reficere
713 2006 845 2053 coepit.
858 2020 869 2036 ⁹
1806 2051 1815 2060 ·

390 2075 436 2113 V.
469 2076 556 2113 315.
602 2088 771 2124 sopore:
816 2075 972 2113 codices
1016 2097 1066 2100 —
1117 2075 1276 2122 lepore:
1325 2072 1557 2110 emenda-vit
1604 2072 1810 2110 Heinsius

321 2147 466 2194 Agitur
510 2149 619 2184 enim
664 2147 711 2184 de
755 2148 966 2184 venustate
1010 2147 1165 2194 puellae,
1211 2157 1294 2183 non
1337 2144 1386 2181 de
1418 2156 1572 2181 somno.
1619 2141 1812 2180 Codicum

318 2218 438 2254 lectio
475 2219 580 2254 certe
623 2219 765 2265 inepta-
807 2219 889 2254 est:
935 2218 1073 2254 nutrix
1117 2221 1237 2264 σαμΐα
1281 2227 1423 2263 sopore
1459 2215 1658 2251 alumnae!
1687 2213 1814 2250 Poeta

321 2290 499 2336 respexit
529 2289 686 2325 Lucret.
719 2289 747 2325 I.
785 2288 949 2325 15—16.
985 2287 1048 2336 (de
1079 2286 1280 2335 Venere):
1331 2287 1409 2323 uita
1439 2290 1562 2333 capta
1596 2285 1729 2332 lepore
1758 2283 1812 2321 Te

325 2359 508 2406 sequitur
537 2358 717 2406 cupide.»
767 2358 889 2405 Origo
934 2359 1196 2406 corruptelae:
1242 2369 1316 2405 pro
1361 2358 1495 2404 lepore
1538 2357 1581 2392 in
1616 2356 1814 2402 scriptura

322 2431 551 2467 minuscula
578 2429 785 2477 legebatur
810 2442 961 2478 sepore.

393 2500 438 2538 V.
471 2500 559 2537 326,
593 2500 765 2538 Perdere
793 2513 926 2538 sceva:
971 2499 1127 2537 codices
1157 2520 1208 2525 -
1238 2499 1315 2536 Per
1344 2504 1380 2535 te
1418 2510 1563 2535 sacra:
1592 2497 1741 2544 legitur
1770 2497 1814 2531 in

325 2571 417 2609 edit.
449 2570 597 2609 Aldina
629 2583 721 2607 ann.
750 2571 874 2614 1534;
905 2572 1026 2619 poeta
1056 2571 1149 2607 ante
1180 2571 1314 2606 oculos
1344 2567 1486 2606 habuit
1521 2566 1589 2605 Ov.
1622 2567 1717 2604 Her.
1754 2565 1812 2609 12,

327 2641 508 2679 78—79:
545 2641 643 2678 uPer
672 2653 799 2688 genus
830 2643 870 2678 et
900 2653 1058 2678 numen
1089 2641 1232 2677 cuncta
1252 2639 1428 2676 videntis
1451 2640 1524 2682 avi,
1547 2638 1625 2675 Per
1644 2638 1816 2686 triplicis

326 2714 459 2750 &ultus
503 2723 729 2760 arcanaque
772 2724 889 2749 saci-cz
934 2711 1100 2749 Dianae»
1150 2712 1188 2747 et
1230 2708 1325 2746 Met.
1357 2708 1444 2746 VII.
1490 2708 1583 2746 94-
1597 2708 1671 2745 95:
1722 2718 1815 2754 uper
