1988 3159
899 200 1022 228 onus.
1659 193 1702 229 37

332 321 454 363 Fila:
479 320 585 361 «Ter
601 320 647 360 in
666 318 881 372 gremium
900 331 1073 358 mecum
1088 318 1302 370 —inquit
1319 342 1373 345 —
1388 318 1552 370 despue
1567 316 1700 369 virgo,

334 398 512 452 Despue
544 399 610 437 ter
641 397 790 448 virgo:
823 409 1007 436 numero
1041 395 1148 436 deus
1181 396 1349 448 impare
1381 394 1580 447 gaudet.»

334 476 446 517 Inde
479 488 593 528 agno
627 478 834 515 venerata
872 471 1034 515 Orcum
1070 473 1261 523 (furialia
1295 485 1428 520 sacra,

331 552 467 594 ‘Sacra
499 564 580 592 nec
612 550 740 591 Idaeis
773 550 931 590 anibus
964 563 1043 590 nec
1077 549 1252 601 cognita
1285 548 1440 599 Grais),
1647 566 1701 589 375

335 629 499 682 Pergit,
532 628 755 681 Amyclaeo
790 640 999 680 spargens
1033 628 1189 667 altaria
1221 626 1373 670 thano.

332 705 468 758 Regis
499 705 700 746 Iolciacis
734 705 932 745 animum
966 703 1148 756 defigere
1180 704 1308 744 votis.

331 780 501 823 ‘Verum
532 781 608 821 ubi
641 780 765 821 nulla
797 782 944 820 movet
977 779 1179 820 stabilem
1212 778 1384 819 fallacia
1418 779 1585 828 Nisum,

333 857 424 898 Nec
457 861 646 911 possunt
677 858 881 898 homines
914 870 994 897 nec
1024 859 1213 909 possunt
1245 856 1417 897 flectere
1451 856 1539 896 divi

332 934 490 985 (Tanta
522 938 587 975 est
618 935 665 974 in
698 947 832 986 parvo
864 933 1024 974 fiducia
1056 934 1175 973 crine
1209 933 1418 983 cavendi),
1650 953 1704 975 εει]

335 1011 507 1052 Rursus
541 1011 595 1051 ad
627 1012 854 1063 inceptum
889 1011 1049 1051 sociam
1086 1023 1129 1050 se
1162 1011 1305 1063 iungit
1339 1011 1529 1051 alumnae

333 1090 695 1143 Purpureumque
728 1093 852 1142 parat
884 1102 1037 1128 rursus
1070 1088 1250 1129 tondere
1284 1088 1506 1141 capillum,

335 1167 442 1207 'I'am
474 1167 608 1219 longo
644 1167 757 1220 quod
790 1167 878 1206 iam
912 1168 1057 1219 captat
1091 1179 1340 1206 succurrere
1374 1165 1525 1208 amori.

335 1243 436 1284 Non
467 1244 616 1284 minus
649 1243 728 1283 illa
759 1245 919 1291 tamen,
952 1243 1099 1283 revehi
1134 1242 1250 1295 quod
1280 1243 1445 1283 mcenia
1480 1242 1631 1283 Cressa

338 1319 564 1361 Gaudeat:
601 1322 643 1360 et
675 1320 811 1360 cineri
843 1320 983 1372 patria
1019 1322 1083 1360 est
1115 1319 1305 1359 iucunda
1340 1320 1525 1373 sepulto.
1649 1340 1703 1364 385

395 1397 508 1449 Ergo
542 1398 703 1437 iterum
737 1398 870 1450 capiti
904 1396 1046 1450 Scylla
1080 1400 1144 1437 est
1175 1397 1356 1437 inimica
1388 1399 1583 1449 paterno.

334 1474 446 1515 Tum
479 1487 602 1515 coma
636 1474 817 1515 Sidonio
851 1474 1012 1514 florens
1046 1474 1260 1515 deciditur
1294 1478 1425 1522 ostro,

335 1552 447 1592 Tum
479 1551 650 1603 capitur
671 1550 850 1603 Megara
874 1553 916 1591 et
939 1551 1083 1591 divum
1110 1564 1321 1604 responsa
1345 1551 1597 1603 probantur,

333 1627 446 1668 Tum
478 1642 694 1681 suspensa
727 1642 840 1669 novo
874 1629 962 1669 ritu
995 1628 1047 1669 de
1080 1628 1267 1669 navibus
1301 1628 1401 1668 altis

334 1704 416 1745 Per
446 1718 566 1746 mare
599 1706 832 1746 caeruleum
865 1706 1055 1746 trahitur
1086 1706 1234 1746 Niseia
1265 1706 1400 1758 virgo.
1648 1726 1703 1748 391)

332 1779 594 1835 Complures
627 1783 750 1823 illam
783 1783 989 1836 nymph-ee
1023 1783 1240 1823 mirantur
1273 1783 1318 1822 in
1352 1782 1493 1831 undis,

330 1857 523 1898 Miratur
553 1862 681 1910 pater
713 1857 913 1899 Oceanus
948 1862 990 1899 et
1022 1859 1207 1899 candida
1240 1859 1399 1911 Tethys

333 1935 390 1976 Et
424 1935 605 1988 cupidas
639 1948 786 1976 secum
820 1936 996 1988 rapiens
1031 1934 1214 1976 Galatea
1247 1949 1430 1984 sorores,

334 2011 466 2052 Illam
490 2012 637 2061 etiam,
663 2013 825 2052 iunctis
848 2025 1059 2064 magnum
1083 2026 1176 2065 quae
1199 2013 1393 2066 piscibus
1416 2026 1563 2066 aequor

333 2089 391 2130 Et
422 2089 576 2142 glauco
610 2089 817 2142 bipedum
851 2103 980 2130 curru
1012 2091 1192 2130 metitur
1225 2103 1450 2143 equorum,
1647 2109 1702 2131 395

333 2166 582 2207 Leucothee
616 2179 861 2219 parvusque
895 2166 977 2207 dea
1009 2179 1108 2207 cum
1141 2171 1280 2207 matre
1313 2167 1548 2207 Palaemon.

341 2240 459 2292 Qum
495 2242 642 2292 etiam,
678 2242 871 2283 alternas
906 2244 1049 2283 sortiti
1081 2244 1225 2283 vivere
1258 2244 1391 2292 luces,

334 2317 445 2360 Cara
475 2319 593 2360 Iovis
628 2319 816 2368 suboles,
852 2333 1064 2372 magnum
1097 2320 1213 2361 Iovis
1246 2321 1582 2369 incrementum,

330 2395 590 2449 Tyndaridae
622 2397 776 2438 niveos
808 2397 1028 2438 mirantur
1059 2398 1242 2451 virginis
1276 2400 1409 2438 artus.

331 2473 426 2513 Has
459 2474 566 2515 adeo
599 2488 728 2516 voces
762 2477 891 2528 atque
924 2476 1015 2516 haec
1048 2476 1243 2516 lamenta
1276 2488 1352 2528 per
1385 2487 1512 2515 auras
1645 2494 1701 2517 400

333 2550 564 2592 Fluctibus
596 2552 643 2592 in
676 2552 833 2593 mediis
867 2556 1024 2605 questu
1055 2551 1261 2593 volvebat
1292 2552 1427 2600 inani,

330 2627 401 2668 Ad
433 2628 588 2668 caelum
620 2628 774 2669 infelix
807 2628 1006 2669 ardentia
1038 2629 1208 2669 lumina
1239 2628 1438 2677 tendens,

330 2702 548 2745 Lumina:
585 2718 690 2745 nam
722 2707 896 2745 teneras
930 2704 1136 2745 arcebant
1167 2705 1343 2745 vincula
1377 2705 1573 2757 palmas:
