1988 3159
690 191 903 220 ExcURsth
935 192 990 219 iv.
1518 192 1584 227 145

337 307 398 341 Sic
424 307 566 340 etenim
592 305 738 338 duxere
765 305 858 339 olim
881 306 1102 349 primordia
1127 308 1253 341 Parcae

334 366 384 398 Et
409 374 543 398 nevere
570 375 684 407 super
711 364 817 397 vobis
847 364 976 397 vitalia
1002 364 1066 407 fila
1087 391 1096 399 .
1117 392 1124 399 .
1145 392 1152 399 .

338 423 455 458 Nobis
480 433 596 467 porro
623 423 697 456 alia
724 425 780 456 est
805 423 908 456 trino
936 423 979 457 de
1005 424 1160 458 nemine
1186 424 1256 458 fati

338 483 450 517 Dicta
475 483 556 516 dies
582 482 648 516 leti
668 509 675 515 .
691 509 698 516 .
720 509 728 516 .

173 592 291 630 Hanc
319 602 454 628 meam
483 590 758 627 coniecturam
780 589 929 639 publici
949 590 1048 627 iuris
1084 590 1159 628 feci
1188 590 1366 639 primum
1395 593 1438 629 in
1468 593 1586 641 ephe-

97 661 254 701 meride
281 661 493 699 Societatis
513 661 816 709 Philologorum
836 661 1231 710 BudapestinensiS,¹
1261 661 1406 700 deinde
1435 663 1478 700 in
1507 663 1587 700 edi-

101 733 212 772 tione
237 731 472 782 Lygdami2.
503 732 610 769 unde
631 732 727 769 viris
749 732 876 770 doctis
907 734 1030 770 etiam
1060 735 1173 769 extra-
1193 732 1447 781 Hungariam
1472 734 1587 771 inno-

101 806 180 842 tuit
211 802 454 841 emendatio.
487 803 616 850 Quam
646 815 738 840 cum
769 804 949 852 plerique
970 805 1149 840 maximo
1181 815 1271 840 cum
1304 805 1499 851 applausu
1529 815 1589 841 ac-

102 875 314 923 cepissent.
346 873 609 911 vehementer
630 873 672 910 in
693 885 758 910 me
788 873 970 910 invectus
1001 876 1060 910 est
1093 872 1300 917 Skutsch?
1331 873 1438 921 quod
1467 873 1589 911 talem

103 946 377 983 coniecturam
419 944 549 981 facere
592 957 710 981 ausus
740 956 880 987 essem,
913 955 1004 980 cum
1042 957 1125 981 non
1156 946 1286 981 solum
1316 944 1422 992 apud
1452 944 1590 992 Vergi-

101 1015 213 1060 lium,
246 1015 317 1053 sed
346 1016 469 1053 etiam
498 1016 543 1052 in
585 1014 771 1052 omnibus
803 1014 905 1053 Ciris
935 1014 1137 1052 codicibus
1175 1017 1374 1062 legeretur
1405 1016 1588 1053 >iumine

107 1086 243 1125 Sensit
273 1086 384 1123 enim
419 1087 568 1123 statim.
613 1089 652 1123 et
693 1086 917 1123 rectissime
960 1086 1096 1122 sensit.
1139 1085 1369 1122 coniectura
1399 1098 1490 1123 mea
1518 1087 1589 1122 cir-

104 1160 215 1195 culos
245 1169 337 1195 suos
368 1156 535 1193 turbari.

178 1227 296 1265 Nunc
337 1227 461 1275 igitur
500 1238 652 1263 novum
682 1227 805 1263 istum
834 1226 1003 1274 Vergilii
1031 1227 1299 1275 interpretem
1329 1225 1496 1263 meliora
1525 1226 1591 1263 do-

107 1299 214 1337 cebo.
246 1298 350 1335 Nam
379 1310 464 1335 non
494 1299 625 1334 solum
653 1297 822 1344 Vergilii
852 1299 996 1339 locum,
1039 1297 1106 1334 sed
1137 1299 1258 1333 etiam
1290 1296 1402 1334 Cirin
1432 1309 1592 1345 corrup-

107 1371 189 1407 tam
221 1381 307 1406 esse
338 1367 589 1405 confidenter
631 1366 802 1404 affirmo.
846 1367 966 1404 Dicat
1008 1368 1118 1404 enim
1149 1366 1253 1404 mihi
1282 1366 1469 1411 Skutsch,
1501 1367 1594 1416 quid

103 1440 146 1477 in
178 1439 261 1477 Ciri
291 1438 514 1487 significet:
544 1439 769 1487 firmarant
820 1437 960 1474 Parae
979 1438 998 1474 ἶ)
1037 1438 1185 1475 Utrum
1214 1437 1333 1479 idem,
1367 1437 1473 1485 quod
1503 1449 1595 1474 COH-

103 1511 365 1560 firmarant'?
406 1509 460 1547 At
488 1509 624 1546 Parcae
655 1521 738 1546 non
772 1506 1017 1545 confirmant
1048 1507 1255 1544 decretum
1284 1506 1368 1549 fati,
1401 1506 1471 1543 sed
1498 1508 1596 1554 ipsu)

108 1582 344 1619 decernunt.
375 1580 440 1617 An
468 1579 589 1623 idem,
634 1578 739 1628 quod
776 1577 1046 1628 affirmarunt
1066 1579 1086 1615 ἵ)
1124 1577 1210 1623 Quo
1253 1576 1418 1614 tandem
1451 1577 1600 1625 pacto?

106 1652 241 1690 Parcae
271 1653 383 1689 enim
423 1650 528 1688 nihil
569 1652 702 1688 solent
732 1649 937 1687 affirmare
969 1648 1009 1697 (i.
1042 1661 1073 1685 e.
1106 1648 1354 1685 sententiam
1390 1645 1437 1683 de
1467 1645 1601 1694 aliqua

106 1735 151 1760 re
181 1722 326 1767 dicere,
359 1734 447 1771 quae
487 1724 531 1759 ut
574 1734 679 1765 vera,
729 1720 787 1758 sic
830 1722 953 1758 etiam
994 1719 1098 1756 falsa
1135 1731 1221 1756 esse
1251 1716 1411 1767 potest),
1456 1716 1535 1761 sed,
1569 1717 1602 1754 si

110 1792 272 1842 qua-ndo
311 1793 424 1841 loqui
462 1792 694 1840 dignantur,
739 1790 963 1840 praedicunt
1006 1789 1191 1838 (canunt)
1240 1788 1375 1825 futura,
1422 1787 1601 1824 carmine

113 1863 292 1907 fatidico,
340 1862 543 1900 «carmine
581 1885 633 1889 —
662 1864 705 1898 ut
736 1860 945 1900 Catullus*
985 1863 1041 1898 ait
1071 1883 1123 1887 —
1151 1859 1330 1908 perfidiae
1373 1857 1480 1907 quod
1514 1859 1605 1905 post

111 1935 225 1971 nulla
255 1933 395 1979 arguet
425 1934 556 1968 zetas.»

183 2002 245 2041 Ex
273 2014 365 2039 mea
395 2002 518 2049 igitur
547 2002 752 2039 sententia
781 2001 904 2038 etiam
926 2001 969 2037 in
991 1999 1075 2037 Ciri
1094 2011 1168 2047 pro
1197 1999 1376 2036 mimine
1404 2009 1602 2045 reponen-

115 2074 212 2112 dum
242 2075 302 2110 est
328 2071 512 2115 nemine,
544 2083 617 2120 pro
646 2071 868 2121 [ῐνυιαναηί
902 2072 1037 2108 autem
1059 2069 1323 2118 quaerendum
1345 2070 1405 2105 est
1423 2068 1600 2105 verbum.

117 2143 223 2194 quod
251 2142 378 2181 nendi
419 2143 622 2180 actionem
663 2139 873 2188 significet.
919 2138 1051 2185 Quare
1093 2151 1376 2176 recenseamus
1405 2136 1526 2175 verba
1555 2135 1628 2185 ad>

115 2216 224 2253 hanc
251 2226 338 2251 rem
366 2213 626 2262 pertinentia.
1434 2256 1436 2259 Ι

187 2284 356 2333 Scriptis
386 2284 646 2331 antiquorum
675 2281 900 2318 luculenter
930 2279 1122 2317 docemur
1160 2277 1363 2315 actionem
1401 2275 1529 2314 nendi
1557 2287 1605 2312 ex

114 2356 180 2394 his
210 2357 395 2393 constare
424 2353 576 2391 tribus:
618 2351 797 2401 primum
826 2352 886 2388 est
913 2352 1052 2387 lanam
1096 2348 1144 2386 de
1174 2351 1260 2386 colo
1291 2347 1500 2391 deducere,
1530 2345 1605 2382 hoc

191 2537 203 2556 ¹
231 2535 450 2580 Eyyetemes
478 2533 705 2576 Philoloyiai
730 2531 910 2576 Kb'zlb'ny,
935 2533 962 2566 t.
987 2531 1105 2565 XXV.
1131 2541 1168 2574 p.
1193 2528 1275 2563 337.
1302 2539 1385 2571 sqq.

191 2593 206 2614 ²
231 2592 422 2637 Lyyclami
447 2592 635 2630 carmina,
661 2590 915 2634 Budapestini
943 2589 1043 2623 1906.
1068 2600 1106 2633 p.
1142 2587 1222 2622 167.

191 2652 206 2673 ³
231 2652 286 2686 Cf.
312 2651 498 2686 Deutsche
523 2649 886 2692 Literaturzeituny,
913 2660 945 2682 a.
976 2647 1076 2681 1906.
1102 2657 1138 2690 p.
1165 2645 1269 2680 2884.

192 2710 206 2730 ⁴
232 2711 356 2744 Carm.
383 2710 441 2744 64.
466 2720 522 2744 vs.
548 2709 627 2744 32⁶2.

191 2794 348 2828 Ne‘methy
359 2801 372 2822 .·
393 2792 487 2822 ciris.
1473 2771 1515 2805 10
