1988 3159
723 214 778 241 DE
809 214 998 242 AUCTORE
1030 215 1152 243 C1RIS.
1640 218 1680 249 10

187 331 418 373 Falsarius
461 330 607 383 igitur,
654 343 754 371 cum
796 330 1040 384 Vergilium
1086 333 1348 373 familiarem
1396 335 1531 375 fuisse
1579 335 1678 376 Par-

186 407 334 449 thenii
390 410 432 448 et
489 406 594 447 alibi
652 419 823 459 quoque
879 408 1040 461 saepius
1084 413 1224 461 poetae
1277 410 1442 451 Nicaeni
1495 413 1681 464 vestigia

186 485 349 537 legisse
382 481 548 534 sciret‚⁶“'
594 482 640 523 in
686 483 897 524 Latinum
940 486 1168 526 transtulit
1214 499 1311 527 eam
1352 485 1677 541 Metamorpho-

193 575 302 603 seon
343 562 525 614 partem,
559 560 636 600 ubi
682 559 946 601 narrabatur
989 560 1140 602 fabula
1185 561 1237 601 de
1283 560 1428 615 Scylla
1471 563 1518 603 in
1553 577 1678 604 avem

189 641 376 680 mutata.
431 637 495 678 De
559 651 638 678 suo
702 637 870 678 addidit
929 637 1252 679 dedicationem
1313 638 1366 679 ad
1424 639 1679 680 Messallam

189 717 290 766 (vss.
338 714 510 764 1-47.)
555 716 599 755 et
646 714 897 755 fabularum
944 714 1216 755 diversarum
1261 715 1317 756 ad
1362 714 1551 768 Scyllam
1584 731 1678 769 per-

189 791 431 832 tinentium
473 791 853 831 enumerationem
896 792 993 841 (vss.
1029 791 1235 837 48—91.)
1268 792 1679 845 invocationemque

186 866 417 908 Musarum
458 868 557 918 (vss.
603 867 859 917 92—1(›o.);
902 867 1004 908 inde
1051 881 1075 908 a
1119 881 1179 909 vs.
1221 870 1314 909 101.
1353 872 1500 909 autem
1542 883 1679 922 usque

187 943 245 984 ad
276 943 411 985 finem
452 946 626 984 secutus
661 946 726 984 est
758 945 1059 985 narrationem
1107 944 1332 986 Parthenii
1374 959 1466 986 non
1499 946 1679 986 verbum

184 1021 320 1062 verbo
351 1022 540 1069 vertens,
575 1020 649 1061 sed
682 1021 794 1061 mira
837 1033 937 1061 cum
982 1024 1073 1061 arte
1120 1020 1295 1062 dicendi
1341 1035 1500 1073 genere
1545 1023 1678 1062 inter-

190 1097 297 1138 dum
355 1095 605 1138 Catulliano
667 1100 708 1138 et
765 1098 1044 1146 Lucretiano,
1104 1099 1365 1151 plerumque
1426 1098 1677 1150 Vergiliano

185 1186 308 1214 usus.

261 1249 545 1303 Propositum
599 1251 765 1291 falsarii
818 1252 952 1293 fuisse
1005 1251 1178 1292 videtur
1231 1251 1443 1304 epyllium
1499 1251 1676 1291 Parthe-

191 1326 378 1366 nianum
413 1324 584 1368 Maroni
618 1328 899 1380 suppositum
933 1331 975 1369 et
1006 1328 1223 1369 MessaHae
1257 1327 1506 1369 dedicat-um
1529 1328 1677 1368 vendi-

159 1433 162 1435 *
187 1405 283 1444 tare
315 1402 486 1444 Tiberio
518 1404 789 1457 imperatori,
817 1404 869 1445 de
903 1418 988 1457 quo
1024 1403 1260 1445 Suetonius
1288 1405 1350 1454 (in
1376 1405 1477 1453 vita,
1504 1418 1536 1445 e.
1564 1406 1672 1446 70.ae

196 1479 347 1520 «Artes
378 1480 582 1521 libera-les
614 1481 840 1533 utriusque
874 1481 1047 1532 generis
1083 1480 1404 1521 studiosissime
1438 1481 1585 1522 coluit.
1626 1482 1676 1521 In

188 1555 390 1596 oratione
434 1555 597 1597 Latina
639 1558 813 1597 secutus
847 1560 912 1597 est
958 1554 1204 1598 Corvinum
1239 1555 1511 1606 Mas-scallam,
1548 1571 1677 1610 quem

188 1644 340 1671 senem
385 1631 640 1673 adulescens
674 1632 928 1673 observarat
953 1665 993 1673 ..
1021 1666 1030 1674 .
1056 1633 1178 1674 Fecit
1213 1637 1255 1674 et
1289 1633 1439 1674 Graeca
1471 1636 1677 1686 poemata

186 1707 385 1748 imitatus
416 1707 746 1761 Euphorionem
779 1711 822 1750 et
852 1709 1076 1750 Rhianum
1111 1712 1153 1750 et
1178 1708 1489 1757 Parthenium,
1517 1709 1675 1763 quibus

186 1785 331 1837 poetis
363 1784 602 1826 admodum
642 1785 886 1826 delectatus
934 1787 1096 1839 scripta
1141 1787 1341 1827 omnium
1381 1790 1423 1826 et
1455 1787 1678 1839 imagines

181 1860 373 1914 publicis
416 1861 695 1902 bibliothecis
739 1862 856 1903 inter
895 1865 1064 1903 veteres
1110 1865 1152 1903 et
1193 1863 1438 1916 praecipuos
1473 1866 1677 1904 auctores

188 1936 418 1985 dedicavit,
443 1939 484 1977 et
507 1937 560 1979 ob
585 1937 667 1979 laoc
692 1938 897 1993 plerique
931 1937 1209 1979 eruditorem
1244 1940 1449 1981 certatim
1482 1939 1541 1981 αι]
1577 1952 1678 1980 eum

180 2011 331 2054 <multa
365 2011 417 2054 de
450 2012 519 2054 lei-s
555 2012 828 2055 ediderunt».
865 2013 1031 2054 Eadem
1065 2014 1115 2055 de
1148 2028 1281 2056 causa
1314 2015 1520 2056 falsarius
1556 2015 1676 2056 addi-

181 2087 298 2130 disse
330 2089 502 2131 videtur
533 2090 835 2131 recensionem
868 2090 1117 2131 fabularum
1143 2091 1193 2132 de
1231 2090 1375 2144 Scylla
1403 2092 1678 2133 diversarum

182 2166 281 2216 (VSS.
316 2166 533 2216 48—91.),
580 2169 629 2207 ut
672 2167 763 2207 vita
808 2167 968 2207 Tiberii
1003 2166 1277 2209 Suetoniana
1309 2169 1504 2219 (ibidem)
1552 2169 1679 2210 doce-

183 2254 307 2282 mur:
348 2241 560 2283 «Maxime
592 2245 742 2283 tamen
775 2243 942 2284 curavit
974 2244 1202 2294 (Tiberius)
1229 2244 1439 2286 notiliam
1478 2244 1679 2286 historice

255 2418 268 2438 ¹
295 2418 379 2453 Vss.
415 2417 615 2459 406—409‚
656 2418 702 2452 ad
741 2419 899 2452 verbum
939 2419 1142 2463 exscripsit
1177 2418 1357 2453 falsarius
1397 2419 1435 2452 in
1474 2419 1550 2453 fine
1578 2419 1676 2453 Ciris

182 2487 261 2511 vsa.
286 2476 485 2512 538—541.

255 2534 270 2554 ‘²
293 2535 326 2568 A
350 2535 556 2568 Parthenio
592 2537 790 2578 sumptum
817 2538 874 2570 est
900 2536 1017 2570 etiam
1052 2535 1238 2570 Morelum
1264 2537 1517 2580 Pseudoverg.
1545 2548 1674 2570 secun-

180 2592 277 2627 dum
315 2594 562 2628 scholiastam
597 2593 685 2627 libri
722 2595 976 2639 manuscripti
1009 2594 1255 2629 Ambrosiani
1294 2595 1395 2639 apud
1429 2595 1459 2629 Ι.
1499 2596 1542 2629 G.
1582 2595 1676 2629 Vos-

180 2650 285 2684 sium
304 2651 348 2685 de
374 2651 497 2695 poetis
523 2663 632 2696 graec.
650 2664 688 2696 p.
709 2653 773 2694 70;
805 2653 1055 2687 «Parthenius
1082 2654 1271 2688 Moretum
1301 2653 1454 2697 scripsit
1472 2654 1513 2686 in
1534 2654 1676 2693 Graeco,

179 2718 297 2752 quem
322 2709 508 2754 Virgilius
536 2710 710 2745 imitatus
737 2714 830 2745 est».

1535 2782 1577 2804 δὲ

1536 2806 1553 2813 -ι
