1988 3159
325 185 390 218 1412
908 185 1124 214 EXCURSL'S
1155 186 1218 214 111.

322 303 448 341 Culex
476 303 563 340 vult
605 303 711 338 certe
756 300 912 339 dicere:
961 300 1180 339 «Condono
1220 301 1294 339 tibi
1322 304 1495 340 mortem
1527 314 1673 347 meam,
1704 303 1739 339 si
1767 305 1809 339 tu

324 375 460 421 gratus
490 372 568 410 eris
611 374 650 409 et
679 383 744 409 me
775 371 948 420 sepulcri
989 373 1143 410 honore
1175 373 1442 411 veneraberis.
1475 375 1519 410 ut
1549 371 1691 410 umbra
1719 384 1810 410 mea

323 445 430 494 apud
459 444 612 482 inferos
643 445 847 492 quiescere
876 442 1038 492 possit.»
1075 443 1204 490 Quare
1225 446 1374 491 pastor,
1403 446 1449 481 ut
1477 443 1584 480 infra
1613 455 1688 481 vss.
1719 443 1808 481 390.

323 529 406 565 sqq.
453 516 656 559 docemur,
700 526 742 551 re
784 526 878 551 vera
920 515 1149 562 sepulcrum
1190 514 1317 551 erexit
1354 515 1482 551 culici.
1514 514 1808 562 Reponendum

321 586 444 634 igitur
472 598 528 631 vs,
560 586 646 624 230.
678 584 758 622 tibi
787 596 860 633 pro
891 587 1078 633 corrupto
1120 587 1218 623 dum
1263 585 1610 633 conferendusque
1651 597 1707 623 vs.
1751 585 1809 622 13.

322 658 449 696 Ciris:

559 720 778 761 Mirificum‚
804 720 947 761 Valeri,
973 720 1085 754 modo
1112 722 1161 754 sit
1189 721 1257 753 tibi
1283 731 1395 754 nosse
1421 720 1550 761 libido,

322 840 387 877 ubi
418 839 614 881 falsarius,
660 840 703 874 ut
746 838 979 885 saepissime.
1027 836 1203 874 Culicem
1246 835 1673 885 Pseudovergilianum
1718 838 1809 873 ante

321 913 455 948 oculos
485 909 674 947 habuisse
706 907 909 956 putandus
940 910 1009 944 est.

322 1109 390 1144 ΙΙΙ.
442 1110 509 1144 De
548 1108 863 1152 Euphorione
907 1104 1100 1150 vergilii
1141 1104 1191 1139 in
1231 1105 1397 1148 ecloqa
1432 1106 1565 1140 sexta
1603 1109 1811 1141 auctore.

391 1222 591 1270 Vergilius
633 1222 675 1258 in
719 1223 854 1270 ecloga
885 1223 998 1258 sexta
1028 1219 1121 1256 inde
1152 1233 1174 1256 a
1203 1231 1320 1256 versu
1350 1220 1410 1257 31.
1444 1232 1567 1268 usque
1608 1219 1658 1257 ad
1685 1219 1809 1257 finem

320 1294 424 1330 nihil
454 1292 561 1331 aliud
592 1293 667 1330 sibi
696 1294 918 1341 proposuit.
955 1292 1036 1328 nisi
1065 1292 1109 1327 ut
1140 1291 1288 1339 epyllia
1316 1288 1594 1337 Euphorionis
1625 1300 1809 1337 excerpe-

319 1368 378 1401 ret
410 1367 527 1412 atque
559 1364 855 1401 demonstraret
885 1363 1124 1410 magistrum
1164 1362 1278 1397 illum
1309 1361 1388 1398 τῶν
1417 1358 1640 1410 νεωτέρων,
1671 1360 1809 1408 praeci-

319 1447 396 1484 pue
427 1435 547 1472 amici
588 1436 648 1471 sui
693 1434 874 1472 Cornelii
916 1432 1033 1476 Galli,
1077 1432 1245 1479 dignum
1287 1444 1371 1468 esse
1415 1429 1645 1468 imitatione
1678 1441 1809 1477 neque

320 1508 427 1542 recte
457 1504 654 1542 iudicasse
699 1504 947 1547 Ciceronem,
981 1503 1049 1552 qui
1079 1502 1281 1541 Catullum
1311 1501 1519 1550 sociosque
1549 1500 1662 1538 Tusc.
1694 1499 1810 1548 Disp.

322 1575 392 1613 ΠΙ.
430 1576 486 1614 19.
518 1576 580 1613 45.
614 1581 799 1612 cantores
830 1574 1111 1624 Euphorionis
1152 1573 1396 1622 appellando
1438 1572 1641 1609 irrisisset.
1672 1570 1730 1610 Cf.
1762 1569 1810 1608 de

321 1647 397 1683 hac
426 1658 478 1685 re.
512 1658 598 1695 quae
640 1644 808 1693 exposui
836 1644 880 1682 in
909 1645 1044 1682 libello
1076 1644 1133 1681 De
1161 1649 1275 1681 ὅρκια
1314 1643 1482 1692 Vergilii
1514 1642 1690 1689 eclogas*
1719 1641 1809 1679 Vss.

321 1719 456 1754 autem
488 1716 663 1754 74—77:

462 1833 559 1874 Quid
586 1833 720 1875 loquar
747 1835 811 1866 aut
838 1831 1004 1877 Scyllam
1024 1831 1116 1871 Nisi,
1144 1842 1259 1875 quam
1286 1830 1388 1863 fama
1416 1832 1546 1863 secuta
1575 1830 1630 1862 est

462 1892 633 1925 Candida
660 1891 894 1925 succinctam
921 1891 1151 1924 latrantibus
1176 1889 1336 1933 inguina
1362 1888 1546 1922 monstris

461 1950 661 1984 Dulichias
688 1961 844 1984 vexasse
871 1952 972 1984 rates
1002 1951 1038 1984 et
1065 1950 1215 1993 gurgite
1242 1948 1282 1981 in
1309 1948 1385 1981 alto

461 2010 516 2043 A!
544 2010 700 2043 ‘timidos
728 2012 866 2044 nautas
893 2008 1052 2042 canibus
1079 2009 1266 2042 lacerasse
1293 2007 1466 2048 marinis,

319 2139 400 2163 una
430 2138 521 2163 cum
550 2138 627 2163 vss.
660 2125 839 2168 78—81„
874 2124 941 2162 ubi
983 2124 1221 2163 Philomelae
1251 2126 1293 2161 in
1324 2136 1439 2161 avem
1470 2125 1641 2161 mutatio
1672 2137 1807 2161 narra-

319 2200 393 2240 tur.
426 2195 628 2234 referendi
657 2195 847 2233 videntur
867 2196 917 2232 ad
940 2196 1154 2245 Mopsopia
1186 2194 1471 2243 Euphorionis.
1504 2195 1555 2232 ad
1584 2194 1809 2232 fabularum

318 2267 543 2305 Atticarum
574 2267 876 2304 narrationem:
907 2266 1028 2303 Nisus
1059 2267 1169 2303 enim
1200 2268 1284 2303 erat
1313 2265 1420 2302 filius
1448 2265 1684 2311 Pandionis,
1704 2265 1808 2314 regis

318 2339 454 2381 Attici,
491 2338 616 2375 frater
641 2336 819 2374 Procnes
841 2339 880 2374 et
899 2337 1146 2380 Philomelae,
1178 2338 1486 2385 sepulcrumque
1507 2337 1593 2374 eius
1624 2335 1807 2374 ostende-

318 2409 436 2447 batur
462 2407 567 2458 apud
596 2408 801 2456 Lyceum;
831 2407 879 2445 cf.
909 2408 1081 2445 Pausan.
1111 2407 1143 2444 I.
1177 2407 1234 2444 19.
1257 2406 1304 2443 4:
1337 2403 1426 2444 ἔστε
1457 2404 1505 2443 δὲ
1538 2403 1714 2445 ὄπισθεν
1734 2405 1806 2443 τοῦ

317 2478 493 2518 Λυκείου
523 2477 654 2517 Νίσου
682 2481 830 2532 μνῆμα,
873 2477 921 2517 ὅν
963 2473 1232 2517 ἀποθανόντα
1277 2473 1356 2514 ὑπὸ
1391 2473 1504 2514 Μίνω
1532 2475 1808 2527 βασελεύοντα

388 2658 408 2676 *
436 2655 700 2700 Budapestini‚
733 2656 950 2700 sumptibus
979 2655 1190 2688 Academiae
1217 2655 1452 2688 Litterarum
1489 2654 1732 2697 Hungaricae‚
1774 2663 1806 2687 a.

319 2715 498 2749 MCMIX.
