1988 3159
299 156 321 189 g
934 157 1157 185 PRAEFAno.

301 275 513 327 expilatos
548 287 641 314 esse
675 274 727 314 ab
761 274 843 315 hoc
876 274 1053 314 falsario
1087 273 1133 313 in
1166 272 1528 313 adnotationibus
1551 273 1786 325 exegeticis

301 352 405 392 satis
438 351 749 392 demonstravi.
786 350 927 401 Quare
961 350 1048 390 iam
1081 362 1198 389 nunc
1232 352 1308 389 aut
1327 350 1466 388 totam
1489 349 1577 388 fere
1599 348 1782 401 Vergilii

299 427 593 468 elocutionem
627 441 676 467 ex
709 428 791 468 hoe
822 441 911 467 uno
945 427 1065 467 fonte
1097 425 1276 466 fluxisse
1305 437 1546 476 omnesque
1568 424 1782 476 Augustei

297 504 509 556 temporis
550 506 703 556 poetas
753 517 803 543 ex
849 504 930 543 hoc
978 516 1112 555 parvo
1158 501 1319 555 epyllio
1353 501 1521 541 colores
1553 503 1782 541 mutuasse

298 579 579 620 statuendum
613 584 689 627 est,
726 584 801 620 aut
832 579 1182 620 concedendum:
1232 579 1456 619 auctorem
1501 576 1612 618 Ciris
1645 577 1782 617 fuisse

297 656 567 697 imitatorem
601 655 948 698 callidissimum.
986 656 1057 708 qui
1091 656 1299 695 thesauro
1335 653 1600 706 scriptorum
1638 666 1781 693 aureae

299 733 438 773 aetatis
470 733 643 785 poetico
676 732 902 772 commode
936 733 1109 784 poterat
1140 731 1217 771 uti.

369 809 510 849 Tollat
555 810 756 861 legatque
801 809 934 860 igitur
977 809 1095 847 hunc
1138 807 1352 854 libellum,
1392 806 1589 858 quisquis
1632 806 1783 858 Vergi-

297 885 407 925 lium
441 889 582 926 amat:
616 885 779 926 videbit
814 885 975 932 statim,
1010 896 1094 936 quo
1128 883 1221 923 iure
1245 882 1424 923 damnet
1446 895 1634 935 cygnum
1657 881 1782 922 Man-

298 963 485 1002 tua-num
531 975 699 1015 quaque
747 962 924 1001 levitate
962 961 1008 1000 in
1041 962 1133 1001 tota¹
1166 961 1247 1000 hac
1280 959 1520 1012 quaestione
1552 959 1783 999 tractanda

296 1040 493 1079 versatus
528 1038 583 1078 sit
615 1036 802 1079 Slmfsrlae
833 1037 919 1085 ille,
955 1050 1085 1090 quem
1117 1050 1234 1077 nunc
1269 1037 1376 1076 socii
1410 1036 1701 1089 discipulique
1736 1037 1782 1076 in

298 1115 502 1155 omnibus
551 1116 638 1155 fere
687 1114 1042 1155 hebdomadariis
1091 1113 1251 1155 criticis
1300 1114 1345 1153 in
1394 1113 1549 1153 caelum
1595 1112 1783 1153 efferunt

295 1191 500 1232 laudibus
534 1192 708 1243 iamque
741 1191 930 1230 victricis
964 1204 1104 1230 causae
1132 1192 1368 1241 patronum
1393 1187 1623 1236 salutant‚¹
1646 1188 1782 1228 iidem

296 1268 375 1312 illi,
410 1269 483 1321 qui
518 1269 625 1308 alias
658 1268 705 1307 in
738 1267 895 1307 iisdem
930 1265 1293 1329 hebdomadariis,
1329 1266 1451 1306 vivos
1495 1267 1781 1318 mortuosque

299 1344 528 1384 sententiis
577 1346 800 1396 tamquam
848 1343 899 1383 de
947 1342 1117 1395 tripode
1171 1342 1298 1382 dictis
1352 1341 1596 1382 iudicantes
1651 1343 1781 1393 atque

297 1421 570 1469 damnantes,
621 1424 851 1473 tantopere
901 1434 945 1460 se
994 1420 1153 1459 iactare
1203 1420 1358 1466 solent,
1403 1421 1454 1459 ut
1495 1432 1586 1459 non
1629 1418 1781 1458 doctos

298 1498 514 1545 homines,
550 1497 625 1537 sed
657 1497 821 1537 milites
854 1497 1070 1548 gloriosos
1102 1496 1317 1536 Borussos
1353 1508 1402 1535 ex
1426 1494 1782 1547 ephemeridibus

297 1572 620 1614 Germanorum
665 1573 823 1613 iocosis
872 1573 978 1612 satis
1024 1586 1239 1625 superque
1285 1573 1416 1612 notos
1462 1571 1583 1624 loqui
1615 1571 1778 1611 eredas.

297 1651 488 1704 Signifer
521 1652 667 1690 autem
700 1650 887 1701 legionis
922 1653 987 1690 est
1019 1647 1068 1689 F.
1101 1646 1302 1700 Jawbyfl
1334 1647 1422 1696 ille,
1459 1647 1533 1700 qui
1566 1646 1783 1699 originem

299 1728 445 1780 elegiae
493 1727 701 1768 Romanae
750 1726 919 1766 duobus
968 1735 1066 1778 post
1113 1739 1181 1766 me
1232 1726 1360 1765 annis
1408 1723 1551 1764 denuo
1606 1723 1782 1773 detexit,

298 1808 450 1857 postea
498 1806 644 1844 tamen
695 1816 719 1843 a
766 1809 931 1843 rectore
978 1800 1117 1843 Museo?
1164 1801 1374 1843 lermmf
1423 1800 1675 1841 admonitus
1713 1813 1781 1840 me

296 1882 488 1933 primum
520 1879 683 1920 vidisse
729 1893 879 1920 verum
924 1878 1150 1919 «dentibus
1184 1877 1465 1918 infrendens»
1504 1877 1648 1917 fassus
1682 1875 1783 1921 est,3

297 1971 380 2010 quo
426 1971 476 1998 ex
519 1961 716 2010 tempore
760 1957 935 1997 nullum
979 1969 1159 2008 possum
1205 1954 1330 1994 edere
1363 1954 1537 2001 librum,
1573 1954 1679 2006 quin
1712 1967 1783 1993 me

296 2034 492 2074 mordere
526 2035 738 2085 temptet;
773 2033 847 2073 sed

673 2124 802 2168 fragili
827 2133 998 2168 quaerens
1023 2124 1171 2157 illidere
1198 2124 1349 2157 dentem

580 2183 754 2217 Offendet
783 2183 915 2224 solido,

296 2271 338 2308 et
368 2281 481 2316 mox,
516 2268 716 2320 praedico,
753 2268 826 2320 qui
858 2282 927 2308 me
961 2268 1087 2317 laesit,

672 2361 831 2394 totidem
859 2360 986 2394 audiet
1013 2362 1127 2403 atque

579 2419 779 2463 Respicere
806 2420 936 2463 ignoto
964 2420 1081 2453 discet
1107 2419 1314 2462 pendentia
1338 2421 1458 2464 tergo.

370 2539 379 2558 ¹
407 2538 458 2572 Cf.
487 2538 759 2572 Literarisches
791 2536 1053 2578 Genti-almam,
1082 2548 1113 2571 a.
1145 2537 1243 2570 1907.
1270 2549 1305 2581 p.
1334 2537 1390 2571 96.

367 2598 380 2617 ²
406 2598 499 2630 Vide
529 2597 711 2630 [nutsche
738 2595 1114 2640 Litteratw·zeitun9‚
1141 2607 1174 2630 a.
1203 2596 1304 2631 1907.
1329 2608 1365 2640 p.
1392 2595 1471 2629 0223.

368 2656 381 2675 ³³
408 2656 459 2690 Cf.
490 2655 733 2689 Rhemisclws
762 2656 941 2695 Muscam,
970 2667 1000 2689 a.
1030 2656 1131 2690 1905.
1158 2668 1193 2699 p.
1220 2655 1300 2688 320.
