1988 3159
702 198 756 225 AD
788 199 874 226 VSS.
911 196 1114 226 185—194.
1616 196 1657 229 77

173 319 355 356 monstro
384 315 600 353 horribiles
630 315 809 351 exercuit
838 313 918 350 iras
948 312 1127 350 Inachiae
1157 313 1260 350 Iuno
1282 316 1437 362 pestem
1466 313 1661 351 meditata

170 390 373 426 iuvencae»
407 387 432 424 i.
463 397 494 422 e.
526 384 618 422 Ioni
646 385 691 421 in
720 396 882 422 vaccam
927 396 1140 427 conversae,
1174 396 1260 432 quae
1292 385 1334 421 in
1364 384 1542 422 furorem
1573 397 1660 433 age-

171 460 290 497 batur
319 457 367 495 ab
397 459 542 494 oestro.
572 455 689 493 Unde
721 450 893 505 οἶστρος
922 455 1003 492 iam
1034 454 1141 503 apud
1170 455 1330 492 Graecos
1359 458 1498 503 poetas
1536 456 1659 493 inter-

172 530 280 575 dum,
310 531 356 566 ut
382 528 459 565 hoc
486 529 586 573 loco,
617 527 797 575 furorem
831 525 1043 573 significat.
1073 525 1224 564 Eodem
1256 538 1376 563 sensu
1408 525 1505 564 Stat.
1535 526 1658 564 Theb.

170 600 200 638 Ι.
232 601 294 638 32.

242 669 288 708 V.
322 669 543 707 185—187.
597 667 646 706 Ut
671 669 818 716 patris.
863 681 886 704 α
932 669 1108 714 clemens,
1152 679 1200 704 ex
1241 667 1358 714 Verg.
1389 666 1473 705 Ecl.
1505 668 1539 711 2.
1586 670 1661 706 60:

176 741 327 788 «Quem
351 740 468 788 fugis,
493 752 515 776 a
535 738 754 783 demens»;
786 739 834 776 cf.
864 738 989 787 Lygd.
1022 739 1057 783 6,
1089 739 1162 776 ,⁶272
1199 737 1327 784 «Quid
1358 751 1511 787 precor,
1544 752 1565 776 a
1596 739 1660 776 de-

170 824 337 856 mens-3
368 810 441 850 Ov.
463 809 581 848 Trist.
603 809 650 848 V.
678 810 735 852 10,
768 810 813 847 51
835 823 842 846 :
878 809 1007 855 «Quid
1034 812 1178 858 loquor
1207 821 1230 846 a
1250 809 1439 847 demens»
1476 811 1515 846 et
1542 809 1659 847 Pont.

168 883 239 921 IV.
260 882 295 927 3,
319 883 393 921 99:
421 880 548 928 «Quid
578 880 689 925 facis,
722 893 743 917 a
765 880 970 918 demens.»
1002 902 1055 906 —
1079 881 1213 929 patris
1236 911 1242 918 .
1267 911 1273 918 .
1298 910 1307 918 .
1330 882 1484 917 crinem
1508 883 1557 919 de
1581 893 1661 916 vm·-

171 955 248 992 tice
276 959 444 1000 sectum,
487 952 535 989 cf.
585 951 654 989 Οἳ.
686 951 804 989 Trist.
848 951 900 988 Π.
931 952 1166 989 393-3942
1202 952 1354 1002 «impia
1385 963 1459 988 neo
1489 952 1662 999 tragicos

169 1024 368 1072 tetigisset
428 1021 563 1071 Scylla
611 1022 842 1066 cothurnos,
901 1021 952 1059 Ni
1004 1022 1190 1070 patrium
1250 1023 1404 1060 crinem
1463 1024 1660 1061 desecuis-

168 1100 226 1133 set
255 1106 404 1132 amor.»
440 1116 492 1120 —
522 1093 767 1142 Furtimque
797 1098 945 1141 arquto
979 1095 1225 1142 desponsam
1260 1094 1435 1131 milteret
1465 1095 1582 1133 hosti.
1615 1106 1662 1131 ex

169 1164 350 1214 Propert.
380 1164 451 1202 ΠΙ.
488 1164 546 1209 19,
579 1164 746 1201 22—24.
780 1163 845 1212 (de
867 1163 1039 1213 Scylla):
1074 1163 1213 1201 «Hanc
1243 1165 1366 1212 igitur
1393 1163 1527 1201 dotem
1548 1165 1661 1211 virgo

170 1238 446 1284 desponderat
475 1236 606 1272 hosti:
649 1234 745 1272 Nise
776 1237 864 1272 tuas
894 1237 1031 1283 portas
1062 1235 1202 1273 fraude
1233 1235 1396 1273 reclusit
1427 1247 1574 1273 amor.»
1609 1257 1660 1262 —

169 1306 426 1355 Furtimque,
470 1307 591 1353 iunge
631 1317 722 1342 cum
765 1307 1038 1353 desponsam:
1081 1306 1189 1342 inter
1236 1304 1411 1354 Scylla-m
1448 1305 1573 1353 igitur
1620 1308 1659 1343 et

169 1377 309 1415 Minoa
329 1376 377 1415 de
398 1378 509 1414 crine
532 1375 758 1413 desecando
781 1379 874 1414 ante
895 1378 1154 1414 convenerat.
1176 1399 1227 1402 —
1257 1381 1420 1425 arquto.
1443 1378 1586 1414 astuto.
1610 1399 1660 1403 —

168 1450 428 1496 desponsam,
460 1460 508 1484 ex
536 1459 628 1484 mea-
658 1448 914 1492 coniectura;
945 1447 993 1485 cf.
1024 1447 1130 1485 infra
1162 1447 1253 1485 adn.
1284 1447 1370 1486 crit.
1392 1470 1444 1474 -
1468 1447 1659 1497 Namque

168 1520 255 1557 haec
283 1519 484 1564 condicio,
525 1519 551 1555 i.
595 1530 628 1555 e.
659 1517 794 1555 Minos
825 1530 865 1555 se
897 1517 1071 1567 Scyllam
1101 1518 1145 1555 in
1175 1518 1485 1557 matrimonium
1520 1519 1657 1556 ductu-

166 1602 257 1627 rum
285 1590 528 1638 promiserat
557 1601 604 1626 ea
633 1588 884 1633 condicione,
908 1592 951 1626 ut
968 1591 1092 1627 crinis
1122 1590 1210 1628 Nisi
1226 1589 1482 1628 desecaretur
1502 1590 1658 1639 sibique

167 1661 408 1698 mitteretur.
438 1682 489 1686 -—
518 1661 706 1699 condicio
740 1662 1178 1709 miseraeproponitur
1209 1675 1307 1705 una,
1339 1674 1387 1699 ex
1419 1660 1561 1699 Catuli.
1594 1662 1655 1702 99.

168 1733 214 1769 5:
250 1743 434 1780 «poenam
463 1731 614 1767 misero
640 1732 841 1778 proponis
881 1733 1045 1768 amori.»
1079 1754 1130 1758 —
1156 1734 1408 1782 proponitur
1438 1746 1537 1777 una,
1569 1735 1659 1782 post

166 1814 223 1839 vs.
258 1802 344 1840 187.
374 1800 571 1839 excidisse
590 1801 752 1838 videtur
771 1814 910 1839 versus
939 1815 1044 1839 unus
1075 1804 1142 1839 aut
1174 1802 1264 1844 duo.
1296 1804 1367 1840 tali
1398 1803 1480 1840 fere
1511 1816 1657 1841 sensu:

167 1874 250 1911 sive
279 1873 356 1910 hoe
384 1872 480 1910 fecit
508 1872 674 1910 fatalem
694 1872 776 1910 mim
797 1874 922 1910 erinis
953 1875 1107 1917 sciens;
1139 1875 1322 1922 sequitur
1350 1886 1406 1912 vs.
1442 1874 1534 1912 188:
1566 1873 1657 1912 Sive

165 1945 241 1983 illa
266 1945 477 1993 iynorans.
522 1942 581 1981 Cf.
623 1944 729 1981 infra
771 1957 847 1981 VSS.
882 1945 1113 1982 319—3202
1163 1945 1247 1982 «An
1287 1946 1431 1988 nescis,
1465 1957 1542 1994 qua
1570 1947 1656 1992 lege

166 2014 294 2063 patris
336 2014 384 2051 de
424 2014 573 2051 vertice
617 2027 776 2051 summo
820 2014 940 2051 Edita
982 2014 1203 2060 candentes
1245 2018 1440 2063 praetexat
1477 2029 1658 2065 purpura

167 2094 289 2121 canos
302 2086 341 2121 5)-

238 2155 284 2193 V.
318 2155 537 2194 188—190.
568 2158 677 2194 tanti
697 2158 856 2195 sceleris
885 2159 1089 2195 damnare
1106 2158 1293 2206 puellam
1317 2158 1338 2195 f>
1371 2169 1419 2194 ex
1440 2156 1511 2195 Ov.
1541 2157 1654 2196 Rem.

167 2227 216 2264 3:
263 2226 407 2264 «Parce
448 2229 565 2264 tuum
601 2229 734 2265 vatem
778 2229 937 2266 scelestis
967 2230 1180 2271 damnare,
1215 2227 1422 2277 Cupido-2»
1471 2251 1521 2255 —
1564 2229 1657 2267 Heu

167 2302 309 2335 tamen
336 2299 489 2345 infelix
519 2299 639 2347 (quid
668 2300 779 2337 enim
801 2300 1089 2347 imprudentia
1108 2301 1274 2348 prodest
1290 2300 1343 2347 5²),
1374 2302 1465 2348 post
1485 2312 1538 2337 vs.
1570 2301 1654 2338 190.

168 2368 318 2406 excidit
359 2381 498 2406 versus
537 2370 611 2407 tali
653 2370 736 2408 fere
778 2382 921 2408 sensu:
965 2370 1126 2419 augebit
1167 2383 1385 2408 numerum
1430 2371 1576 2411 avium,
1613 2371 1657 2408 in

168 2451 282 2476 avem
311 2440 548 2478 mutabitur.

238 2509 285 2548 V.
320 2510 540 2549 191—194.
564 2511 661 2549 Nise
688 2517 819 2560 pater,
855 2524 903 2549 ex
933 2511 1003 2550 Ov.
1033 2511 1128 2549 Met.
1160 2511 1273 2549 VIII.
1309 2513 1405 2551 126:
1442 2512 1558 2550 «Nise
1588 2525 1656 2562 pa-

168 2581 253 2617 ter!
283 2583 459 2630 qaudete
501 2582 566 2631 (cf.
597 2582 705 2620 infra
733 2595 788 2621 vs,
824 2583 909 2621 195.
959 2583 1041 2621 199.
1088 2582 1180 2632 200)
1212 2582 1365 2620 malis.»
1413 2605 1465 2611 —-
1493 2585 1654 2632 direpta

170 2652 390 2690 crudeliter
418 2653 530 2692 urbe.
561 2665 608 2690 ex
639 2653 784 2691 Catull.
817 2654 878 2697 62,
910 2652 986 2690 24:
1027 2652 1153 2699 «Quid
1182 2652 1338 2690 faciunt
1367 2653 1503 2691 hostes
1533 2659 1653 2702 capta

169 2722 376 2760 crudelius
416 2724 555 2760 urbe.»
590 2747 639 2750 —
670 2724 855 2761 turribus
885 2725 993 2768 αἰτὶε,
1027 2722 1169 2761 eadem
1196 2723 1321 2761 verba
1350 2724 1394 2760 in
1423 2722 1504 2760 fine
1534 2723 1654 2761 hexa-
